@unpublished{soton257970,
    title = {{3store: Efficient Bulk RDF Storage}},
    year = {2003},
    booktitle = {1st International Workshop on Practical and Scalable Semantic Systems (PSSS'03)},
    author = {Harris, Stephen and Gibbins, Nicholas},
    pages = {1--15},
    url = {https://eprints.soton.ac.uk/257970/},
    keywords = {General, H.2.8 Database Applications H.3.3 Information Sear}
}

@article{Vardi2003,
    title = {{A Brief History of Logic}},
    year = {2003},
    author = {Vardi, Moshe}
}

@article{Kapoor2010,
    title = {{A Comparative Study of Ontology building Tools in Semantic Web Applications}},
    year = {2010},
    journal = {International journal of Web {\&} Semantic Technology},
    author = {Kapoor, Bhaskar and Sharma, Savita},
    number = {July},
    pages = {1--13},
    volume = {1},
    doi = {10.5121/ijwest.2010.1301},
    issn = {09762280},
    keywords = {Apollo, IsaViz, Ontologies, Ontology building tools, Prot{\'{e}}g{\'{e}} 3.4, SWOOP, Semantic/intelligent Web}
}

@article{Bayer2003,
    title = {{A Comparison of Data Models in Chemical Engineering}},
    year = {2003},
    journal = {Concurrent Engineering},
    author = {Bayer, B. and Marquardt, Wolfgang},
    number = {2},
    pages = {129--138},
    volume = {11},
    url = {http://citeseerx.ist.psu.edu/viewdoc/summary?doi=10.1.1.91.3705},
    isbn = {1063293030},
    doi = {10.1177/106329303035371},
    keywords = {chemical engineering, information modeling, product data model, step}
}

@article{Zhao1999,
    title = {{A consistent manufacturing data model to support virtual enterprises}},
    year = {1999},
    journal = {International Journal of Agile Management Systems},
    author = {Zhao, J. and Cheung, W. M. and Young, R. I. M.},
    number = {3},
    pages = {150--158},
    volume = {1},
    url = {Zhao1999},
    isbn = {1465-4652},
    doi = {10.1108/14654659910296517},
    issn = {1465-4652},
    keywords = {Information Systems, Manufacturing, Model, Object Store (OODBMS), Product Development, Visual C++}
}

@article{Foufou2005,
    title = {{A core product model for plm with an illustrative xml implementation}},
    year = {2005},
    journal = {International Conference on Product Lifecycle Management},
    author = {Foufou, Sebti and Fenves, Steven J. and Bock, Conrad and Rachuri, Sudarsan and Sriram, Ram D.},
    pages = {21--32},
    keywords = {behavior, conceptual models, form, function, information models, plm, product lifecycle management systems, product models, xml, xml schema}
}

@article{Leukel2006,
    title = {{A Critical Assessment of ISO 13584 Adoption by B2B Data Exchange Specifications}},
    year = {2006},
    journal = {Exchange Organizational Behavior Teaching Journal},
    author = {Leukel, Joerg and Schmitz, Volker and Hepp, Martin},
    number = {Ce},
    keywords = {iso 13584, ontologies, plib, product data management, xml}
}

@article{Asghar2016,
    title = {{A deliberately insecure RDF-based Semantic Web application framework for teaching SPARQL/SPARUL injection attacks and defense mechanisms}},
    year = {2016},
    journal = {Computers and Security},
    author = {Asghar, Hira and Anwar, Zahid and Latif, Khalid},
    pages = {63--82},
    volume = {58},
    publisher = {Elsevier Ltd},
    url = {http://dx.doi.org/10.1016/j.cose.2015.11.004},
    isbn = {1855420686},
    doi = {10.1016/j.cose.2015.11.004},
    issn = {01674048},
    keywords = {SPARQL, SPARUL, Semantic web, Vulnerable web applications, Web application firewall}
}

@article{Karray2011,
    title = {{A formal ontology for industrial maintenance}},
    year = {2012},
    journal = {Applied Ontology},
    author = {Karray, Mohamed Hedi and Chebel-Morello, Brigitte and Zerhouni, Noureddine},
    number = {3},
    pages = {269--310},
    volume = {7},
    isbn = {1570-5838},
    doi = {10.3233/AO-2012-0112},
    issn = {15705838},
    keywords = {Ontology, maintenance systems integration, semantic interoperability}
}

@inproceedings{wang2015general,
    title = {{A General Model Transformation Methodology to Serve Enterprise Interoperability Data Sharing Problem}},
    year = {2015},
    booktitle = {International IFIP Working Conference on Enterprise Interoperability},
    author = {Wang, Tiexin and Truptil, Sebastien and Benaben, Frederick},
    number = {2},
    pages = {16--29},
    volume = {1},
    publisher = {Springer},
    url = {http://link.springer.com/10.1007/978-3-662-47157-9 http://dblp.uni-trier.de/db/conf/ifip5-8/iwei2012.html http://www.scopus.com/inward/record.url?eid=2-s2.0-79953058456&partnerID=tZOtx3y1},
    isbn = {0166-3615},
    doi = {10.1007/978-3-662-47157-9},
    issn = {01663615},
    pmid = {53563256},
    arxivId = {cs/0605059},
    keywords = {Interoperability, Model transformation, Model-driven engineering, Semantic check, Syntactic check}
}

@article{Paviot2011b,
    title = {{A generic multiCAD / multiPDM interoperability framework}},
    year = {2011},
    journal = {International Journal of Services Operations and Informatics},
    author = {Paviot, Thomas and Lamouri, Samir and Cheutet, Vincent},
    number = {1/2},
    pages = {124--137},
    volume = {6},
    url = {http://www.inderscience.com/info/inarticle.php?artid=38322},
    doi = {10.1504/IJSOI.2011.038322},
    issn = {1741539X (ISSN)},
    keywords = {cad, computer aided design, ebom, engineering bill of material, interoperability, pdm, product data management, service-oriented, soa}
}

@article{Lin2016,
    title = {{A Hyperconnected Manufacturing Collaboration System Using the Semantic Web and Hadoop Ecosystem System}},
    year = {2016},
    journal = {Procedia CIRP},
    author = {Lin, Hsiao Kang and Harding, Jennifer A. and Chen, Chun I.},
    pages = {18--23},
    volume = {52},
    publisher = {Elsevier B.V.},
    url = {http://dx.doi.org/10.1016/j.procir.2016.07.075},
    isbn = {8867657771},
    doi = {10.1016/j.procir.2016.07.075},
    issn = {22128271},
    keywords = {Extract-Load-Transform (ELT), Hadoop Database (HBase), Hadoop Ecosystem System, Hadoop Hive, Hyperconnected Manufacturing Collaboration System}
}

@inproceedings{Usman2011,
    title = {{A manufacturing core concepts ontology for product lifecycle interoperability}},
    year = {2011},
    booktitle = {International IFIP Working Conference on Enterprise Interoperability},
    author = {Usman, Zahid and Young, Robert Ian Marr and Chungoora, Nitishal and Palmer, Claire and Case, Keith and Harding, Jenny},
    pages = {5--18},
    volume = {76},
    publisher = {Springer},
    isbn = {9783642196799},
    doi = {10.1007/978-3-642-19680-5{\_}3},
    issn = {18651348},
    keywords = {core concepts, design and production, interoperability, knowledge sharing, manufacturing ontology, product lifecycle, semantics}
}

@article{Lin2007,
    title = {{A manufacturing system engineering ontology model on the semantic web for inter-enterprise collaboration}},
    year = {2007},
    journal = {Computers in Industry},
    author = {Lin, H.K. K. and Harding, J.A. A.},
    number = {5},
    month = {6},
    pages = {428--437},
    volume = {58},
    publisher = {Elsevier Science Publishers B. V.},
    url = {http://dl.acm.org/citation.cfm?id=1240321.1240360 https://dspace.lboro.ac.uk/dspace-jspui/bitstream/2134/9792/9/CII_1817_submitted.pdf},
    isbn = {0166-3615},
    doi = {10.1016/j.compind.2006.09.015},
    issn = {01663615},
    keywords = {Information autonomy, Inter-enterprise collaboration, MSE ontology model, Semantic web, Web Ontology Language (OWL)}
}

@book{Katsumi2011,
    title = {{A Methodology for the Development and Verification of Expressive Ontologies}},
    year = {2011},
    author = {Katsumi, Megan},
    publisher = {University of Toronto}
}

@article{Chungoora2013c,
    title = {{A model-driven ontology approach for manufacturing system interoperability and knowledge sharing}},
    year = {2013},
    journal = {Computers in Industry},
    author = {Chungoora, Nitishal and Young, Robert I. M. and Gunendran, George and Palmer, Claire and Usman, Zahid and Anjum, Najam A. and Cutting-Decelle, Anne Fran√ßoise and Harding, Jennifer A. and Case, Keith},
    number = {4},
    pages = {392--401},
    volume = {64},
    isbn = {0166-3615},
    doi = {10.1016/j.compind.2013.01.003},
    issn = {01663615},
    keywords = {Knowledge sharing, Model Driven Architecture, Ontologies, Product Lifecycle Management}
}

@inproceedings{Simao2016229,
    title = {{A notification-oriented approach for systems requirements engineering}},
    year = {2016},
    booktitle = {Advances in Transdisciplinary Engineering},
    author = {Sim{\~{a}}o, J M and Panetto, H and Liao, Y and Stadzisz, P C},
    pages = {229--238},
    volume = {4},
    url = {https://www.scopus.com/inward/record.uri?eid=2-s2.0-84993958712&doi=10.3233%2F978-1-61499-703-0-229&partnerID=40&md5=86a0137ce76fa4ff7492214ca5360f74},
    doi = {10.3233/978-1-61499-703-0-229}
}

@article{Paviot2011h,
    title = {{A PLCS framework for PDM/ERP interoperability framework}},
    year = {2011},
    journal = {International Journal of Product Lifecycle Management},
    author = {Paviot, T. and Cheutet, V. and Lamouri, S.},
    number = {2-3-4},
    pages = {295--313},
    volume = {5},
    keywords = {enterprise resource system, erp, exchange, interoperability, management, pdm, plcs, plm, product data, product lifecycle, product lifecycle management, service-oriented architecture, soa, standard for product data, standards, step, support}
}

@article{Lee2006b,
    title = {{A pragmatic approach to model and exploit the semantics of product information}},
    year = {2006},
    journal = {Journal on Data Semantics Vii},
    author = {Lee, Taehee and Shim, Junho and Lee, Hyunja and Lee, Sang-goo G},
    pages = {242--266},
    volume = {4244},
    publisher = {Springer},
    url = {https://drive.google.com/drive/u/0/folders/0B_Ovx1QaHHELfnhkdE9YOFdOYVdnM2FESEtSSU1PbURGTEYzWDV2V1JtSWVFeU5xN0h5MEU},
    isbn = {0302-9743},
    doi = {10.1007/11890591{\_}9},
    issn = {03029743}
}

@article{Sudarsan2005,
    title = {{A product information modeling framework for product lifecycle management}},
    year = {2005},
    journal = {CAD Computer Aided Design},
    author = {Sudarsan, Rachuri and Fenves, Steven J. and Sriram, R. D. and Wang, F.},
    number = {13},
    pages = {1399--1411},
    volume = {37},
    isbn = {0010-4485},
    doi = {10.1016/j.cad.2005.02.010},
    issn = {00104485},
    keywords = {Core Product Model, Interoperability, Ontology, Open Assembly Model, Product Lifecycle Management (PLM), Standards}
}

@article{Henningsson2018,
    title = {{A review of information system integration in mergers and acquisitions}},
    year = {2018},
    journal = {Journal of Information Technology},
    author = {Henningsson, Stefan and Yetton, Philip W. and Wynne, Peter J.},
    pages = {1--49},
    publisher = {Palgrave Macmillan UK},
    url = {https://doi.org/10.1057/s41265-017-0051-9},
    doi = {10.1057/s41265-017-0051-9},
    issn = {14664437},
    keywords = {acquisition, information systems, integration, literature review, merger}
}

@article{Duke2004,
    title = {{A Semantic Service Orientated Architecture for the Telecommunications Industry}},
    year = {2004},
    journal = {Intelligence in Communication Systems},
    author = {Duke, A and Davies, J and Richardson, M and Kings, N},
    pages = {236--245},
    isbn = {978-3-540-23893-5, 978-3-540-30179-0},
    doi = {10.1007/b103336},
    issn = {03029743}
}

@inproceedings{Mohammadi2008,
    title = {{A Semantic Web Service-Oriented Model for Project Management}},
    shorttitle = {Computer and Information Technology Workshops, 200},
    year = {2008},
    booktitle = {2008 IEEE 8th International Conference on Computer and Information Technology Workshops},
    author = {Mohammadi, S. and Khalili, A.},
    month = {7},
    pages = {667--672},
    publisher = {IEEE},
    url = {http://ieeexplore.ieee.org/lpdocs/epic03/wrapper.htm?arnumber=4568580},
    isbn = {978-0-7695-3242-4},
    doi = {10.1109/CIT.2008.Workshops.6},
    keywords = {Change Management, Integration, Project Management, Semantic Web Services, Web service modeling ontology, Web services, central decision making component, project management, project planning, semantic Web, semantic Web service-oriented model}
}

@article{Puttonen2010a,
    title = {{A Semantic Web Services-based approach for production systems control}},
    year = {2010},
    journal = {Advanced Engineering Informatics},
    author = {Puttonen, Juha and Lobov, Andrei and Soto, Maria A.Cavia Cavia and Lastra, Jos√© L.Martinez Martinez},
    number = {3},
    month = {8},
    pages = {285--299},
    volume = {24},
    publisher = {Elsevier Ltd},
    url = {http://dx.doi.org/10.1016/j.aei.2010.05.012 http://www.sciencedirect.com/science/article/pii/S147403461000039X},
    isbn = {1474-0346},
    doi = {10.1016/j.aei.2010.05.012},
    issn = {14740346},
    keywords = {Factory automation, Semantic Web Services, Service orchestration, semantic web services, service orchestration}
}

@article{Burton-Jones2005,
    title = {{A semiotic metrics suite for assessing the quality of ontologies}},
    year = {2005},
    journal = {Data and Knowledge Engineering},
    author = {Burton-Jones, Andrew and Storey, Veda C. and Sugumaran, Vijayan and Ahluwalia, Punit},
    number = {1},
    pages = {84--102},
    volume = {55},
    isbn = {0169023x},
    doi = {10.1016/j.datak.2004.11.010},
    issn = {0169023X},
    pmid = {18221551},
    keywords = {Ontology, Ontology auditor, Quality metric, Semiotic theory}
}

@article{Barcellos2013,
    title = {{A software measurement task ontology}},
    year = {2013},
    journal = {Proceedings of the 28th Annual ACM Symposium on Applied Computing - SAC '13},
    author = {Barcellos, Monalessa Perini and de Almeida Falbo, Ricardo},
    pages = {311},
    url = {http://doi.acm.org/10.1145/2480362.2480428\nhttp://dl.acm.org/citation.cfm?doid=2480362.2480428},
    isbn = {9781450316569},
    doi = {10.1145/2480362.2480428},
    keywords = {semantic interoperability, software measurement, task ontology}
}

@article{Brank2005,
    title = {{A survey of ontology evaluation techniques}},
    year = {2005},
    journal = {Proceedings of the Conference on Data Mining and Data Warehouses},
    author = {Brank, Janez and Grobelnik, Marko and Mladeni{\'{c}}, Dunja},
    pages = {166--170},
    url = {http://eprints.pascal-network.org/archive/00001198/},
    doi = {10.1.1.101.4788},
    keywords = {Theory {\&} Algorithms}
}

@inproceedings{garcia2010,
    title = {{A Survey on Ontology Metrics}},
    year = {2010},
    booktitle = {World Summit on Knowledge Society},
    author = {Garc{\'{i}}a, Juan and Garc{\'{i}}a-Pe{\~{n}}alvo, Francisco and Ther{\'{o}}n, Roberto},
    number = {PART 1},
    pages = {22--27},
    volume = {111},
    publisher = {Springer},
    url = {http://www.springerlink.com/content/n770w2r81486hw33/ http://link.springer.com/10.1007/978-3-642-16318-0 http://www.springerlink.com/content/n770w2r81486hw33/%0Ahttp://link.springer.com/10.1007/978-3-642-16318-0},
    isbn = {978-3-642-16317-3},
    doi = {10.1007/978-3-642-16318-0},
    issn = {18650929},
    keywords = {Computer Science, OWL, Ontology metrics, ontology cohesion, ontology coupling and ontology ranking}
}

@article{Thome2015,
    title = {{A systematic literature review of design-manufacturing integration for sustainable products}},
    year = {2015},
    journal = {Chemical Engineering Transactions},
    author = {Thom{\'{e}}, A.M.T.a and Scavarda, A.b},
    number = {ii},
    pages = {691--696},
    volume = {45},
    url = {http://www.scopus.com/inward/record.url?eid=2-s2.0-84946104548&partnerID=40&md5=c194f3dcdae9f142905239d5ff07b5ad},
    isbn = {9788895608365},
    doi = {10.3303/CET1545116},
    issn = {22839216},
    keywords = {Chemical analysis, Design-manufacturing integrations, Envir, Environmental protection, Environmentall, Life cycle}
}

@article{Satapathy2015,
    title = {{A systematic literature review on ontology based context management system}},
    year = {2015},
    journal = {Advances in Intelligent Systems and Computing},
    author = {Satapathy, Suresh Chandra and Govardhan, A. and Raju, K. Srujan and Mandal, J. K.},
    pages = {I-IV},
    volume = {338},
    isbn = {9783319137308},
    doi = {10.1007/978-3-319-13731-5},
    issn = {21945357},
    keywords = {context management, context management system, context-aware computing, framework, ontology}
}

@article{Gurdur2018,
    title = {{A systematic review to merge discourses: Interoperability, integration and cyber-physical systems}},
    year = {2018},
    journal = {Journal of Industrial Information Integration},
    author = {G{\"{u}}rd{\"{u}}r, Didem and Asplund, Fredrik},
    number = {December 2017},
    pages = {14--23},
    volume = {9},
    publisher = {Elsevier},
    url = {https://doi.org/10.1016/j.jii.2017.12.001},
    doi = {10.1016/j.jii.2017.12.001},
    issn = {2452414X},
    keywords = {Data visualization, Interoperability assessment, Interoperability measurement, Maturity models, Tool integration, Tool interoperability}
}

@article{Gruber1993,
    title = {{A Translation Approach to Portable Ontology Specifications}},
    year = {1993},
    journal = {Appeared in Knowledge Acquisition},
    author = {Gruber, Thomas R},
    number = {2},
    pages = {199--220},
    volume = {5},
    url = {http://tomgruber.org/writing/ontolingua-kaj-1993.pdf}
}

@article{Paviot2011,
    title = {{A {\{}PLCS{\}} framework for {\{}PDM{\}} / {\{}ERP{\}} interoperability}},
    year = {2011},
    journal = {International Journal of Product Lifecycle Management},
    author = {Paviot, T and Cheutet, V and Lamouri, S},
    number = {2/3/4},
    pages = {295‚Äì313},
    volume = {5},
    keywords = {enterprise resource system, erp, exchange, interoperability, management, pdm, plcs, plm, product data, product lifecycle, product lifecycle management, service-oriented architecture, soa, standard for product data, standards, step, support}
}

@article{dunleavy2009affordances,
    title = {{Affordances and limitations of immersive participatory augmented reality simulations for teaching and learning}},
    year = {2009},
    journal = {Journal of Science Education and Technology},
    author = {Dunleavy, Matt and Dede, Chris and Mitchell, Rebecca},
    number = {1},
    pages = {7--22},
    volume = {18},
    publisher = {Springer}
}

@article{Bondar2017,
    title = {{Agile digital transformation of System-of-Systems architecture models using Zachman framework}},
    year = {2017},
    journal = {Journal of Industrial Information Integration},
    author = {Bondar, Sergej and Hsu, John C. and Pfouga, Alain and Stjepandi{\'{c}}, Josip},
    pages = {33--43},
    volume = {7},
    doi = {10.1016/j.jii.2017.03.001},
    issn = {2452414X},
    keywords = {Agile digital transformation, Architecture reference model, Change Management, Engineering collaboration, Systems of systems engineering, Zachman framework}
}

@article{Hu2011,
    title = {{AgOnt: Ontology for agriculture internet of things}},
    year = {2011},
    journal = {IFIP Advances in Information and Communication Technology},
    author = {Hu, Siquan and Wang, Haiou and She, Chundong and Wang, Junfeng},
    number = {PART 1},
    pages = {131--137},
    volume = {344 AICT},
    isbn = {9783642183324},
    doi = {10.1007/978-3-642-18333-1{\_}18},
    issn = {18684238},
    keywords = {Agriculture Internet of Things, Ontology, Semantics}
}

@article{Wauer2010a,
    title = {{Aletheia ‚Äì An Architecture for Semantic Federation of Product Information from Structured and Unstructured Sources}},
    year = {2010},
    journal = {Proceedings of the 12th International Conference on Information Integration and Web-based Applications {\&} Services - iiWAS '10},
    author = {Wauer, Matthias and Schuster, Daniel and Meinecke, Johannes},
    number = {January 2010},
    pages = {325},
    volume = {7},
    url = {http://portal.acm.org/citation.cfm?doid=1967486.1967538 http://www.scopus.com/inward/record.url?eid=2-s2.0-80052873971&partnerID=40&md5=efcf11130a28c21b9a3ac6f2948a1977},
    isbn = {9781450304214},
    doi = {10.1145/1967486.1967538},
    issn = {1548-0631},
    keywords = {Architecture, Federated Information System, Federated Information Systems, Information Extraction, Information Systems, Knowledge Management, Ontology, Product Information Management, Semantic Web}
}

@inproceedings{Lange2016,
    title = {{Alligator: A deductive approach for the integration of industry 4.0 standards}},
    year = {2016},
    booktitle = {Knowledge Engineering and Knowledge Management: 20th International Conference, EKAW 2016},
    author = {Grangel-Gonz{\'{a}}lez, Irl√°n and Collarana, Diego and Halilaj, Lavdim and Lohmann, Steffen and Lange, Christoph and Vidal, Mar√≠a-Esther and Auer, S√∂ren},
    number = {January},
    pages = {272--287},
    volume = {20},
    publisher = {Springer},
    url = {http://www.springer.com/computer/ai/book/978-3-319-13703-2 http://link.springer.com/10.1007/978-3-319-49004-5},
    address = {Bologna, Italy},
    isbn = {9783319490038},
    doi = {10.1007/978-3-319-49004-5{\_}18},
    issn = {16113349},
    keywords = {AutomationML, Industry 4.0, Semantic Data Integration, Semantic data integration}
}

@article{Lentes2013a,
    title = {{amePLM : a platform providing information provision in engineering}},
    year = {2017},
    journal = {International Journal of Production Research},
    author = {Lentes, Joachim and Zimmermann, Nikolas},
    number = {March},
    pages = {0},
    volume = {7543},
    publisher = {Taylor {\&} Francis},
    url = {http://dx.doi.org/10.1080/00207543.2017.1302617},
    isbn = {9783902823359},
    doi = {10.1080/00207543.2017.1302617},
    issn = {0020-7543}
}

@inproceedings{Badradabi2008,
    title = {{An assistant for large scale software project management: Hybrid of agents and semantic web services}},
    shorttitle = {Management of Innovation and Technology, 2008. ICM},
    year = {2008},
    booktitle = {2008 4th IEEE International Conference on Management of Innovation and Technology},
    author = {Badradabi, Ali Habibi and Mohammadi, Shahriar},
    month = {9},
    pages = {635--640},
    publisher = {IEEE},
    url = {http://ieeexplore.ieee.org/lpdocs/epic03/wrapper.htm?arnumber=4654439},
    isbn = {978-1-4244-2329-3},
    doi = {10.1109/ICMIT.2008.4654439},
    keywords = {Collaboration, Industrial engineering, Intelligent Agent, Large-scale systems, Project management, Risk management, Scanning probe microscopy, Semantic Web, Semantic Web Service, Software Project Management, Software agents, Software measurement, Technology management, Web services, distributed environment, globalization, international teams, large scale software project management, multi-agent systems, multiagent system, project management, semantic Web, semantic Web services, software development management}
}

@article{de2014empirical,
    title = {{An empirical study comparing gamification and social networking on e-learning}},
    year = {2014},
    journal = {Computers {\&} Education},
    author = {De-Marcos, Luis and Dom{\textbackslash}'{\textbackslash}inguez, Adri√°n and Saenz-de-Navarrete, Joseba and Pag{\'{e}}s, Carmen},
    pages = {82--91},
    volume = {75},
    publisher = {Elsevier}
}

@article{Rezaei2014,
    title = {{An interoperability model for ultra large scale systems}},
    year = {2014},
    journal = {Advances in Engineering Software},
    author = {Rezaei, Reza and Chiew, Thiam Kian and Lee, Sai Peck},
    pages = {22--46},
    volume = {67},
    doi = {10.1016/j.advengsoft.2013.07.003},
    issn = {09659978},
    keywords = {Framework, Interoperability, Maturity model, Organizational, Semantic, Syntactic, Technical, Ultra large scale systems}
}

@article{Ruy2015,
    title = {{An ISO-based software process ontology pattern language and its application for harmonizing standards}},
    year = {2015},
    journal = {ACM SIGAPP Applied Computing Review},
    author = {Ruy, Fabiano Borges and Falbo, Ricardo de Almeida and Barcellos, Monalessa Perini and Guizzardi, Giancarlo and Quirino, Glaice Kelly},
    number = {2},
    pages = {27--40},
    volume = {15},
    isbn = {9781450331968},
    doi = {10.1145/2695664.2695796}
}

@article{Chungoora2011a,
    title = {{An ontological approach to consolidate standards-based concepts in production engineering}},
    year = {2011},
    journal = {Proceedings - 5th IEEE International Conference on Semantic Computing, ICSC 2011},
    author = {Chungoora, N. and Young, R. I. M.},
    pages = {514--521},
    isbn = {9780769544922},
    doi = {10.1109/ICSC.2011.14},
    keywords = {Heavyweight ontologies, ISO standards, Interoperable systems, Production engineering}
}

@article{Albuquerque2013,
    title = {{An ontological foundation for conceptual modeling datatypes based on semantic reference spaces}},
    year = {2013},
    journal = {Proceedings - International Conference on Research Challenges in Information Science},
    author = {Albuquerque, Antognoni and Guizzardi, Giancarlo},
    isbn = {9781467329125},
    doi = {10.1109/RCIS.2013.6577693},
    issn = {21511349},
    keywords = {Conceptual Modeling, Conceptual Spaces, Datatypes, Ontological Foundations, Reference Spaces}
}

@misc{Palmer2015a,
    title = {{An ontology for global production network design and reconfiguration}},
    year = {2015},
    booktitle = {Lecture Notes in Business Information Processing},
    author = {Palmer, Claire and Urwin, Esmond Neil and Rodr{\'{i}}guez, Ester Palacios and Cid, Francisco Sanchez and Pinazo-S{\'{a}}nchez, Jose Miguel and Pajkovska-Goceva, Sonja and Young, R. I. M.},
    pages = {113--125},
    volume = {225},
    isbn = {9783319215440},
    doi = {10.1007/978-3-319-21545-7{\_}10},
    issn = {18651348},
    keywords = {Global production networks, Interoperability, Product lifecycle management, Product service lifecycle systems, Reference ontologies}
}

@article{Palmer2016a,
    title = {{An ontology supported risk assessment approach for the intelligent configuration of supply networks}},
    year = {2016},
    journal = {Journal of Intelligent Manufacturing},
    author = {Palmer, Claire and Urwin, Esmond N. and Niknejad, Ali and Petrovic, Dobrila and Popplewell, Keith and Young, R. I. M.},
    pages = {1--26},
    publisher = {Springer US},
    doi = {10.1007/s10845-016-1252-8},
    issn = {15728145},
    keywords = {Global production network, Knowledge, Ontology, Product-service, Risk}
}

@article{Santos2013,
    title = {{An ontology-based analysis and semantics for organizational structure modeling in the ARIS method}},
    year = {2013},
    journal = {Information Systems},
    author = {Santos, Paulo S. and Almeida, J. P. A. and Guizzardi, Giancarlo},
    number = {5},
    pages = {690--708},
    volume = {38},
    isbn = {0306-4379},
    doi = {10.1016/j.is.2012.09.004},
    issn = {03064379},
    keywords = {ARIS, Ontological analysis, Organizational structure, Semantics for enterprise models, UFO (Unified Foundation Ontology)}
}

@article{Matsokis2010,
    title = {{An ontology-based approach for Product Lifecycle Management}},
    year = {2010},
    journal = {Computers in Industry},
    author = {Matsokis, Aristeidis and Kiritsis, Dimitris},
    number = {8},
    pages = {787--797},
    volume = {61},
    publisher = {Elsevier B.V.},
    url = {http://dx.doi.org/10.1016/j.compind.2010.05.007},
    isbn = {0166-3615},
    doi = {10.1016/j.compind.2010.05.007},
    issn = {01663615},
    pmid = {53563256},
    keywords = {Interoperability, Product Lifecycle Management (PLM), Reasoning, Semantic web, Web Ontology Language (OWL)}
}

@article{Abadi2016a,
    title = {{An ontology-based framework for virtual enterprise integration and interoperability}},
    year = {2016},
    journal = {Proceedings of 2016 International Conference on Electrical and Information Technologies, ICEIT 2016},
    author = {Abadi, Asmae and Ben-Azza, Hussain and Sekkat, Souhail and Zemmouri, El Moukhtar},
    pages = {36--41},
    isbn = {9781467384698},
    doi = {10.1109/EITech.2016.7519607},
    arxivId = {978-1-4673-8469-8/16/},
    keywords = {Ontologies, collaborative product development, integration, semantic interoperability, simultaneous design}
}

@article{Guo2011,
    title = {{An Ontology-Based Task-Driven Knowledge Reuse Framework for Product Design Process}},
    year = {2011},
    author = {Guo, Jun and Liu, Xijuan and Wang, Yinglin},
    pages = {319--327},
    keywords = {knowledge reuse, ontology, product design process, task-driven}
}

@inproceedings{Vargas2016,
    title = {{Approaches for integration in system of systems}},
    year = {2016},
    booktitle = {Proceedings of the 4th International Workshop on Software Engineering for Systems-of-Systems - SESoS '16},
    author = {Vargas, Iohan Gon√ßalves and Gottardi, Thiago and Braga, Rosana Teresinha Vaccare},
    pages = {32--38},
    url = {http://dl.acm.org/citation.cfm?doid=2897829.2897835},
    isbn = {9781450341721},
    doi = {10.1145/2897829.2897835},
    keywords = {In, Integration, Interoperability, System of Systems Integration, Systematic Review, erability, integration, interop-, system of systems integration, systematic review}
}

@article{Orgun2008,
    title = {{Approaches for semantic interoperability between domain ontologies}},
    year = {2008},
    journal = {Expert Systems},
    author = {Orgun, Bhavna and Dras, Mark and Nayak, Abhaya and James, Geoff},
    number = {3},
    pages = {179--196},
    volume = {25},
    url = {http://crpit.com/confpapers/CRPITV72Orgun.pdf},
    isbn = {1468-0394},
    doi = {10.1111/j.1468-0394.2008.00461.x},
    issn = {02664720},
    keywords = {Agent systems, Heterogeneous ontologies, agent systems, heterogeneous ontologies}
}

@article{Hlomani2014,
    title = {{Approaches, methods, metrics, measures, and subjectivity in ontology evaluation: A survey}},
    year = {2014},
    journal = {Semantic Web Journal},
    author = {Hlomani, Hlomani and Stacey, Deborah},
    pages = {1--11},
    volume = {1},
    url = {http://www.semantic-web-journal.net/system/files/swj657.pdf},
    keywords = {ontology, ontology evaluation, ontology evaluation methods, ontology evaluation metrics}
}

@article{hanus2015assessing,
    title = {{Assessing the effects of gamification in the classroom: A longitudinal study on intrinsic motivation, social comparison, satisfaction, effort, and academic performance}},
    year = {2015},
    journal = {Computers {\&} Education},
    author = {Hanus, Michael D and Fox, Jesse},
    pages = {152--161},
    volume = {80},
    publisher = {Elsevier}
}

@article{Hahmann2013,
    title = {{Assisted ontology translation and verification with theorem provers}},
    year = {2013},
    author = {Hahmann, Torsten},
    pages = {1--4}
}

@article{quintero2015augmented,
    title = {{Augmented reality app for calculus: A proposal for the development of spatial visualization}},
    year = {2015},
    journal = {Procedia Computer Science},
    author = {Quintero, Eliud and Salinas, Patricia and Gonz{\'{a}}lez-Mend{\textbackslash}'{\textbackslash}ivil, Eduardo and Ram{\textbackslash}'{\textbackslash}irez, H√©ctor},
    pages = {301--305},
    volume = {75},
    publisher = {Elsevier}
}

@inproceedings{kiat2016augmented,
    title = {{Augmented Reality, Virtual Learning Environment and Mobile Learning in education: A comparison}},
    year = {2016},
    booktitle = {e-Learning, e-Management and e-Services (IC3e), 2016 IEEE Conference on},
    author = {Kiat, Lee Boon and Ali, Mohamad Bilal and Halim, Noor Dayana Abd and Ibrahim, Halijah Binti},
    pages = {23--28},
    organization = {IEEE}
}

@article{Kumar2016,
    title = {{Automated ontology generation from a plain text using statistical and NLP techniques}},
    year = {2016},
    journal = {International Journal of Systems Assurance Engineering and Management},
    author = {Kumar, Naresh and Kumar, Minakshi and Singh, Manjeet},
    pages = {282--293},
    volume = {7},
    publisher = {Springer India},
    doi = {10.1007/s13198-015-0403-1},
    issn = {09764348},
    keywords = {Information retrieval, Natural language, OWL, Ontology, Statistical techniques}
}

@article{Heart1992a,
    title = {{Automatic Acquisition of Hyponyms from Large Text Corpora Lexico-Syntactic for Hyponymy Patterns}},
    year = {1992},
    journal = {International Conference on Computational Linguistics},
    author = {Heart, Marti A.},
    pages = {23--28},
    doi = {10.1.1.36.701}
}

@article{Jiang2006,
    title = {{Axiomatic design using ontology modeling for interoperability in small agriculture machinery product development}},
    year = {2006},
    journal = {IFIP International Federation for Information Processing},
    author = {Jiang, Jiandong and Xu, Fang and Zhen, Xinrong and Zhang, Xian and Wang, Yangyu and Zhang, Libin},
    pages = {184--191},
    volume = {207},
    isbn = {0387344020},
    doi = {10.1007/0-387-34403-9{\_}24},
    issn = {15715736},
    keywords = {Axiomatic design, Gearbox, Ontology, Small agricultural machinery}
}

@article{Borsato2014,
    title = {{Bridging the gap between product lifecycle management and sustainability in manufacturing through ontology building}},
    year = {2014},
    journal = {Computers in Industry},
    author = {Borsato, Milton},
    number = {2},
    pages = {258--269},
    volume = {65},
    publisher = {Elsevier B.V.},
    url = {http://dx.doi.org/10.1016/j.compind.2013.11.003},
    isbn = {0166-3615},
    doi = {10.1016/j.compind.2013.11.003},
    issn = {01663615},
    keywords = {Data semantics, Information sharing, Ontology, Product lifecycle management, Sustainability in manufacturing, Sustainable manufacturing}
}

@article{Gelernter2016a,
    title = {{Challenges in Ontology Evaluation}},
    year = {2016},
    journal = {Journal of Data and Information Quality},
    author = {Gelernter, J. and Jha, J.},
    number = {3},
    pages = {1--4},
    volume = {7},
    url = {http://dl.acm.org/citation.cfm?doid=2988525.2935751},
    isbn = {19361955},
    doi = {10.1145/2935751},
    issn = {19361955},
    keywords = {Ontology repair, ontology editing, ontology validation}
}

@article{Danjou2015a,
    title = {{Closed-loop manufacturing process based on STEP-NC}},
    year = {2015},
    journal = {International Journal on Interactive Design and Manufacturing},
    author = {Danjou, Christophe and Le Duigou, Julien and Eynard, Beno√Æt},
    isbn = {1955-2505},
    doi = {10.1007/s12008-015-0268-1},
    issn = {19552505},
    keywords = {CAD/CAM, Manufacturing process management, Ontology, Product lifecycle management, STEP-NC, cad, cam, manufac-, ontology, product lifecycle management, step-nc, turing process management}
}

@inproceedings{phon2014collaborative,
    title = {{Collaborative augmented reality in education: A review}},
    year = {2014},
    booktitle = {Teaching and Learning in Computing and Engineering (LaTiCE), 2014 International Conference on},
    author = {Phon, Danakorn Nincarean Eh and Ali, Mohamad Bilal and Halim, Noor Dayana Abd},
    pages = {78--83},
    organization = {IEEE}
}

@inproceedings{10.1007/978-3-319-73450-7_73,
    title = {{Competitive Intelligence Using Domain Ontologies on Facebook of Telecommunications Companies of Peru}},
    year = {2018},
    booktitle = {Proceedings of the International Conference on Information Technology {\&} Systems (ICITS 2018)},
    author = {Colchado, Geraldo and Melgar, Andr√©s},
    editor = {Rocha, √Ålvaro and Guarda, Teresa},
    pages = {777--787},
    publisher = {Springer International Publishing},
    address = {Cham},
    isbn = {978-3-319-73450-7}
}

@article{Jiang2010,
    title = {{CRCTOL: A Semantic-Based Domain Ontology Learning System}},
    year = {2010},
    journal = {JOURNAL OF THE AMERICAN SOCIETY FOR INFORMATION SCIENCE AND TECHNOLOGY},
    author = {Jiang, Xing and Tan, Ah-Hwee},
    number = {1},
    pages = {150--168},
    volume = {61}
}

@article{wu2013current,
    title = {{Current status, opportunities and challenges of augmented reality in education}},
    year = {2013},
    journal = {Computers {\&} Education},
    author = {Wu, Hsin-Kai and Lee, Silvia Wen-Yu and Chang, Hsin-Yi and Liang, Jyh-Chong},
    pages = {41--49},
    volume = {62},
    publisher = {Elsevier}
}

@article{Szabo2011,
    title = {{Defining and Validating Semantic Machine to Machine Interoperability}},
    year = {2011},
    journal = {Intelligence-Based Systems Engineering},
    author = {Szabo, Claudia and Diallo, Saikou Y.},
    pages = {49--74},
    volume = {10},
    isbn = {9783642179303},
    doi = {10.1007/978-3-642-17931-0{\_}3},
    issn = {18684394},
    keywords = {Composability, Interoperability, Modeling, Simulation, Validation}
}

@article{Calvanese2002,
    title = {{Description logics for information integration}},
    year = {2002},
    journal = {Computational Logic},
    author = {Calvanese, Diego and Giacomo, Giuseppe De and Lenzerini, Maurizio},
    pages = {41--60},
    url = {http://link.springer.com/chapter/10.1007/3-540-45632-5_2},
    isbn = {9781627032292},
    issn = {03029743}
}

@article{Sanfilippo2015,
    title = {{Design knowledge representation: An ontological perspective}},
    year = {2015},
    journal = {CEUR Workshop Proceedings},
    author = {Sanfilippo, Emilio M. and Masolo, Claudio and Porello, Daniele},
    number = {SEPTEMBER},
    pages = {41--54},
    volume = {1473},
    issn = {16130073},
    keywords = {Conceptual space, DOLCE, Design model, Integration, conceptual space, design model, dolce, integration}
}

@article{Clayton,
    title = {{Designing Secure Event-Driven Architectures}},
    author = {Clayton, Richard}
}

@article{DeReuver2009,
    title = {{Designing viable business models for context-aware mobile services}},
    year = {2009},
    journal = {Telematics and Informatics},
    author = {de Reuver, Mark and Haaker, Timber},
    number = {3},
    month = {8},
    pages = {240--248},
    volume = {26},
    publisher = {Elsevier Ltd},
    url = {http://dx.doi.org/10.1016/j.tele.2008.11.002 http://www.sciencedirect.com/science/article/pii/S0736585308000622},
    isbn = {0736-5853},
    doi = {10.1016/j.tele.2008.11.002},
    issn = {07365853},
    keywords = {Context awareness, Expert interviews, Mobile business models, Mobile services}
}

@article{BhavnaKhatri2014,
    title = {{Detection of Abnormal Values in the Result Sheets Using Educational Datamining}},
    year = {2014},
    journal = {IMPACT: International Journal of Research in Engineering {\&} Technology (IMPACT: IJRET)},
    author = {Bhavna Khatri, Vimal N. Pandey & Pradeep Chouksey},
    number = {7},
    pages = {127--132},
    volume = {2},
    url = {http://www.impactjournals.us/journals.php?id=77&jtype=2&page=17},
    keywords = {Classification, Decision Tree, Educational Data Mining (EDM), WEKA}
}

@article{Prashanth2017,
    title = {{Development of Modular Integration Framework between PLM and ERP Systems}},
    year = {2017},
    journal = {Materials Today: Proceedings},
    author = {Prashanth, B.N. and Venkataram, R.},
    number = {2},
    pages = {2269--2278},
    volume = {4},
    publisher = {Elsevier Ltd},
    url = {http://dx.doi.org/10.1016/j.matpr.2017.02.075 http://linkinghub.elsevier.com/retrieve/pii/S2214785317302717},
    doi = {10.1016/j.matpr.2017.02.075},
    issn = {22147853},
    keywords = {2017 elsevier ltd, 2214-7853, 91-80-25183700, 91-80-28440092, Data, ERP, Framework, Implementation, Integration, PLM, all rights reserved, com, corresponding author, data, e-mail address, erp, fax, framework, gmail, implementation, integration, pdm, plm, prashanth, tel}
}

@article{Bruno2016,
    title = {{Efficient management of product lifecycle information through a semantic platform}},
    year = {2016},
    journal = {Int. J. Product Lifecycle Management},
    author = {Bruno, Giulia and Korf, Roman and Lentes, Joachim and Zimmermann, Nikolas},
    number = {1},
    pages = {45--64},
    volume = {9},
    keywords = {information, knowledge management, manufacturing, ontology, plm, retrieval, semantic model, semantic search, uml, web ontology}
}

@article{Missikoff2004,
    title = {{Emoi - interop‚Äô04}},
    year = {2004},
    journal = {Architecture},
    author = {Missikoff, Michele}
}

@article{Maier2007,
    title = {{Enhancements and ontological use of ISO-10303 (STEP) to support the exchange of parameterised product data models}},
    year = {2007},
    journal = {Proceedings of The 7th International Conference on Intelligent Systems Design and Applications, ISDA 2007},
    author = {Maier, Franz and Stumptner, Markus},
    pages = {433--438},
    volume = {10303},
    isbn = {0769529763},
    doi = {10.1109/ISDA.2007.4389647}
}

@article{Sarigecili2017,
    title = {{Enriching STEP Product Model With Geometric Dimension and Tolerance Information for One-Dimensional Tolerance Analysis}},
    year = {2017},
    journal = {Journal of Computing and Information Science in Engineering},
    author = {Sarigecili, Mehmet I. and Roy, Utpal and Rachuri, Sudarsan},
    number = {2},
    pages = {1--10},
    volume = {17},
    url = {http://computingengineering.asmedigitalcollection.asme.org/article.aspx?doi=10.1115/1.4035269},
    doi = {10.1115/1.4035269},
    issn = {1530-9827}
}

@article{Sinderen2011,
    title = {{Enterprise Interoperability}},
    year = {2015},
    journal = {Lecture Notes in Business Information Processing},
    author = {Chen, David},
    number = {MARCH},
    pages = {118--131},
    volume = {213},
    url = {http://link.springer.com/10.1007/978-3-662-47157-9 http://www.scopus.com/inward/record.url?eid=2-s2.0-79953058456&partnerID=tZOtx3y1 http://link.springer.com/chapter/10.1007/978-3-642-19680-5_15},
    isbn = {978-3-662-47156-2},
    doi = {10.1007/978-3-662-47157-9},
    issn = {18651348},
    pmid = {53563256},
    arxivId = {cs/0605059},
    keywords = {model, security, trust, web services}
}

@article{Huibo2008,
    title = {{Enterprise Modeling Using STEP}},
    year = {2008},
    journal = {2008 Advanced Software Engineering and Its Applications},
    author = {Huibo, Wu Huibo Wu and Guolin, Duan Guolin Duan and Dongsheng, Jia Dongsheng Jia and Yuee, Che Yuee Che},
    isbn = {978-0-7695-3432-9},
    doi = {10.1109/ASEA.2008.30},
    keywords = {Enterprise Modeling, Information Integration, Product model, STEP}
}

@article{Leinweber2014,
    title = {{Enterprise ontologies: Open issues and the state of research: A systematic literature review}},
    year = {2014},
    journal = {KEOD 2014 - Proceedings of the International Conference on Knowledge Engineering and Ontology Development},
    author = {Leinweber, Artur and Freiberg, Max and Spenke, Patrick and Lantow, Birger},
    pages = {280--287},
    url = {https://www.engineeringvillage.com/share/document.url?mid=cpx_4256440e14a0874b3dcM7c3b10178163125&database=cpx},
    isbn = {9789897580499},
    doi = {10.5220/0005081102800287},
    keywords = {Enterprise Ontology, Systematic Literature Review, Systematic Selection}
}

@inproceedings{Jesudas2016,
    title = {{Establishing Semantic Equivalences in Aircraft Ontology to Enable Semantic Interoperability}},
    year = {2016},
    booktitle = {Product Lifecycle Management for Digital Transformation of Industries: 13th IFIP WG 5.1 International Conference},
    author = {Jesudas, B. Damayanthi and Gurumoorthy, B},
    editor = {Harik, Ramy and Rivest, Louis and Bernard, Alain and Eynard, Benoit and Bouras, Abdelaziz},
    pages = {319--328},
    volume = {492},
    publisher = {Springer International Publishing},
    url = {http://link.springer.com/10.1007/978-3-319-54660-5 http://dx.doi.org/10.1007/978-3-319-54660-5_29},
    address = {Columbia, SC, USA},
    isbn = {978-3-319-54659-9},
    doi = {10.1007/978-3-319-54660-5},
    keywords = {1 introduction and problem, A320 aircraft, Aircraft ontology, POS tagging, Product Lifecycle Management (PLM), big data {\'{a}} closed-loop, description, product, product lifecycle, semantic interoperability, use data {\'{a}} standardization, {\'{a}} crisp-dm {\'{a}} product}
}

@article{ibanez2014experimenting,
    title = {{Experimenting with electromagnetism using augmented reality: Impact on flow student experience and educational effectiveness}},
    year = {2014},
    journal = {Computers {\&} Education},
    author = {Ib{\'{a}}{\~{n}}ez, Mar\'\ia Blanca and Di Serio, √Ångela and Villar{\'{a}}n, Diego and Kloos, Carlos Delgado},
    pages = {1--13},
    volume = {71},
    publisher = {Elsevier}
}

@inproceedings{Basri2015,
    title = {{Exploring Indonesian students' perception on Mendeley Reference Management Software in academic writing}},
    year = {2015},
    booktitle = {2nd International Conference on Information Technology, Computer, and Electrical Engineering (ICITACEE)},
    author = {Basri, Muhammad and Patak, Andi Anto},
    month = {10},
    pages = {8--13},
    publisher = {IEEE},
    url = {http://ieeexplore.ieee.org/lpdocs/epic03/wrapper.htm?arnumber=7437761},
    isbn = {978-1-4799-9861-6},
    doi = {10.1109/ICITACEE.2015.7437761}
}

@article{yang2011exploring,
    title = {{Exploring injection prevention technologies for security-aware distributed collaborative manufacturing on the Semantic Web}},
    year = {2011},
    journal = {The International Journal of Advanced Manufacturing Technology},
    author = {Yang, Xiaohu and Chen, Yixi and Zhang, Wenyu and Zhang, Shuai},
    number = {9},
    pages = {1167--1177},
    volume = {54},
    publisher = {Springer}
}

@article{Manouselis2010,
    title = {{Exploring ontology metrics in the biomedical domain}},
    year = {2010},
    journal = {Procedia Computer Science},
    author = {Manouselis, N. and Sicilia, M. A. and Rodriguez, D.},
    number = {1},
    pages = {2319--2328},
    volume = {1},
    doi = {10.1016/j.procs.2010.04.260},
    issn = {18770509},
    keywords = {OWL, Ontology metrics}
}

@article{Pauwels2016,
    title = {{EXPRESS to OWL for construction industry: Towards a recommendable and usable ifcOWL ontology}},
    year = {2016},
    journal = {Automation in Construction},
    author = {Pauwels, Pieter and Terkaj, Walter},
    pages = {100--133},
    volume = {63},
    publisher = {Elsevier B.V.},
    url = {http://dx.doi.org/10.1016/j.autcon.2015.12.003},
    doi = {10.1016/j.autcon.2015.12.003},
    issn = {09265805},
    keywords = {Building, Construction, Industry Foundation Classes (IFC), Information technology, Resource Description Framework (RDF), Semantic web, Web Ontology Language (OWL)}
}

@article{Chungoora2012a,
    title = {{Extending product lifecycle management for manufacturing knowledge sharing}},
    year = {2012},
    journal = {Proceedings of the Institution of Mechanical Engineers Part B-Journal of Engineering Manufacture},
    author = {Chungoora, N. and Gunendran, G. A. and Young, R. I. M. and Usman, Z. and Anjum, N. A. and Palmer, C. and Harding, J. A. and Case, K. and Cutting-Decelle, A. F.},
    number = {A12},
    pages = {2047--2063},
    volume = {226},
    url = {http://pib.sagepub.com/lookup/doi/10.1177/0954405412461741},
    isbn = {0954405412},
    doi = {10.1177/0954405412461741},
    issn = {0954-4054},
    keywords = {Product lifecycle management, design, design and manufacture, exchange, interoperable systems, knowledge sharing, models, ontologies, ontology, product lifecycle management}
}

@article{Guarino1998,
    title = {{Formal Ontology and Information Systems}},
    year = {1998},
    journal = {Proceedings of the first international conference},
    author = {Guarino, Nicola},
    number = {June},
    pages = {3--15},
    volume = {46},
    url = {http://citeseerx.ist.psu.edu/viewdoc/download?doi=10.1.1.29.1776&amp;rep=rep1&amp;type=pdf},
    isbn = {9051993994},
    doi = {10.1.1.29.1776},
    issn = {10715819}
}

@article{Calvanese2013,
    title = {{Foundations of Data-Aware Process Analysis : A Database Theory Perspective}},
    year = {2013},
    journal = {Pods 2013},
    author = {Calvanese, Diego and Montali, Marco and Giacomo, Giuseppe De},
    number = {Pods},
    pages = {1--12},
    isbn = {9781450320665},
    doi = {10.1145/2463664.2467796},
    keywords = {business artifacts, data-centric processes, first-order temporal log-}
}

@book{Hitzler2009,
    title = {{Foundations of Semantic Web Technologies}},
    year = {2009},
    author = {Hitzler, Pascal and Krotzsch, Markus and Rudolph, Sebastian},
    pages = {456},
    publisher = {CRC Press},
    url = {https://books.google.com/books?id=BdzL24RqcGIC&pgis=1},
    isbn = {1420090518}
}

@inproceedings{deterding2011game,
    title = {{From game design elements to gamefulness: defining gamification}},
    year = {2011},
    booktitle = {Proceedings of the 15th international academic MindTrek conference: Envisioning future media environments},
    author = {Deterding, Sebastian and Dixon, Dan and Khaled, Rilla and Nacke, Lennart},
    pages = {9--15},
    organization = {ACM}
}

@incollection{Sowa2011a,
    title = {{Future Directions for Semantic Systems}},
    year = {2011},
    booktitle = {Intelligence-Based Systems Engineering},
    author = {Sowa, John F},
    pages = {23--47},
    volume = {Volume 10},
    publisher = {Springer}
}

@incollection{Abramovici2007,
    title = {{Future Trends in Product Lifecycle Management (PLM)}},
    year = {2007},
    booktitle = {The Future of Product Development: Proceedings of the 17th CIRP Design Conference},
    author = {Abramovici, M},
    editor = {Krause, Frank-Lothar},
    pages = {665--674},
    publisher = {Springer Berlin Heidelberg},
    url = {http://dx.doi.org/10.1007/978-3-540-69820-3_64},
    address = {Berlin, Heidelberg},
    isbn = {978-3-540-69820-3},
    doi = {10.1007/978-3-540-69820-3{\_}64}
}

@article{Palmer2013,
    title = {{Generating rules from data mining for collaboration moderator services}},
    year = {2013},
    journal = {Journal of Intelligent Manufacturing},
    author = {Palmer, C. and Harding, J. A. and Swarnkar, R. and Das, B. P. and Young, R. I. M.},
    number = {2},
    pages = {313--330},
    volume = {24},
    doi = {10.1007/s10845-011-0589-2},
    issn = {09565515},
    keywords = {Collaborative projects, Data mining, Knowledge discovery, Moderators, Virtual enterprise, Virtual organization}
}

@book{StaabS.Studer2007,
    title = {{Handbooks on Ontologies}},
    year = {2007},
    booktitle = {Decision Support Systems},
    author = {Staab, S.; Studer, R. (eds.)},
    pages = {654},
    isbn = {9783540664413},
    doi = {10.1007/978-3-642-00416-2},
    issn = {10744770},
    pmid = {15756995},
    arxivId = {arXiv:1011.1669v3}
}

@article{morschheuser2017games,
    title = {{How games induce cooperation? A study on the relationship between game features and we-intentions in an augmented reality game}},
    year = {2017},
    journal = {Computers in Human Behavior},
    author = {Morschheuser, Benedikt and Riar, Marc and Hamari, Juho and Maedche, Alexander},
    pages = {169--183},
    volume = {77},
    publisher = {Elsevier}
}

@article{Oberle2014,
    title = {{How ontologies benefit enterprise applications}},
    year = {2014},
    journal = {Semantic Web},
    author = {Oberle, Daniel},
    number = {6},
    pages = {473--491},
    volume = {5},
    doi = {10.3233/SW-130114},
    issn = {22104968},
    keywords = {Semantics, application, commercial, enterprise, industry, ontologies, reasoning, semantic technologies}
}

@article{IBM2017,
    title = {{IBM X-Force Threat Intelligence Index 2017}},
    year = {2017},
    author = {{IBM}},
    number = {March}
}

@article{Orduna2010,
    title = {{Identifying Security Issues in the Semantic Web: Injection attacks in the Semantic Query Languages}},
    year = {2010},
    journal = {Actas de las {\$}{\{}{\$}VI{\$}{\}}{\$} Jornadas Cientifico-Tecnicas en Servicios Web y {\$}{\{}{\$}SOA{\$}{\}}{\$}{\$}{\textbackslash}},
    author = {Ordu{\~{n}}a, Pablo and Almeida, Aitor and Aguilera, Unai and Laiseca, Xabier and L{\'{o}}pez-De-Ipi{\~{n}}a, Diego and Goiri, Aitor G√≥mez and G{\'{o}}mez-Goiri, Aitor},
    pages = {43--50},
    isbn = {978-84-92812-59-2}
}

@article{Li2012,
    title = {{Implementation and Design of Agricultural Product Cultivating Standard Ontology Database Mode}},
    year = {2012},
    journal = {2012 Ninth Web Information Systems and Applications Conference},
    author = {Li, Daiyi and Kang, Li},
    pages = {207--210},
    url = {http://ieeexplore.ieee.org/lpdocs/epic03/wrapper.htm?arnumber=6385211},
    isbn = {978-1-4673-3054-1},
    doi = {10.1109/WISA.2012.32},
    keywords = {- ontology, cultivating standard, database mode}
}

@misc{erling2001implementing,
    title = {{Implementing a SPARQL compliant RDF triple store using a SQL-ORDBMS}},
    year = {2001},
    author = {Erling, Orri},
    publisher = {Technical Report, OpenLink Software Virtuoso}
}

@article{McCluskey2005,
    title = {{Importing Ontological Information into Planning Domain Models}},
    year = {2005},
    journal = {Workshop on the role of Ontologies in Planning and Scheduling},
    author = {McCluskey, Neil and Cresswell, Stephen},
    pages = {5--13}
}

@article{Urwin2012a,
    title = {{Improving product performance through manufacturing knowledge reuse in PLM}},
    year = {2012},
    journal = {ASME 2012 11th Biennial Conference on Engineering Systems Design and Analysis, ESDA 2012},
    author = {Urwin, E. N. and Young, B. and Frazer, L. and Hunt, D.},
    pages = {409--416},
    volume = {3},
    url = {http://www.scopus.com/inward/record.url?eid=2-s2.0-84883870915&partnerID=40&md5=d01dfe7e616873681356a333a7890879},
    address = {Nantes, France},
    isbn = {9780791844861},
    doi = {10.1115/ESDA2012-82391},
    keywords = {ESDA2012-82391, knowledge modelling, knowledge reuse, part family}
}

@article{Fortineau2013,
    title = {{Improving the interoperability of industrial information systems with description logic-based models-The state of the art}},
    year = {2013},
    journal = {Computers in Industry},
    author = {Fortineau, Virginie and Paviot, Thomas and Lamouri, Samir},
    number = {4},
    pages = {363--375},
    volume = {64},
    publisher = {Elsevier B.V.},
    url = {http://dx.doi.org/10.1016/j.compind.2013.01.001},
    isbn = {0166-3615},
    doi = {10.1016/j.compind.2013.01.001},
    issn = {01663615},
    keywords = {Description logic, OWL, Ontologies, PLM, Standards}
}

@article{Kisan2003,
    title = {{Indian Standard Enterprise-Control System Integration}},
    year = {2003},
    author = {Kisan, Mazdoor and Sangathan, Shakti and Nehru, Jawaharlal}
}

@incollection{Claire2009b,
    title = {{Information Extraction}},
    year = {2009},
    booktitle = {Handbook on Ontologies},
    author = {N{\'{e}}dellec, Claire and Nazarenko, Adeline and Bossy, Robert},
    editor = {Staab, S. and Studer, R.},
    chapter = {5},
    edition = {2},
    pages = {663--685},
    publisher = {Springer-Verlag},
    url = {http://link.springer.com/10.1007/978-3-540-92673-3 http://www.gbv.de/du/services/toc/bs/368354474},
    address = {Berlin, Heidelberg},
    isbn = {978-3-540-70999-2},
    doi = {10.1007/978-3-540-92673-3},
    issn = {10744770},
    pmid = {15756995},
    arxivId = {arXiv:1011.1669v3}
}

@article{Mayer1992,
    title = {{Information integration for concurrent engineering IDEF3}},
    year = {1992},
    author = {Mayer, Richard J and Cullinane, Thomas P and Perakath, Benjamin and Wells, M Sue}
}

@article{Wiesner2011,
    title = {{Information integration in chemical process engineering based on semantic technologies}},
    year = {2011},
    journal = {Computers {\&} Chemical Engineering},
    author = {Wiesner, Andreas and Morbach, Jan and Marquardt, Wolfgang},
    number = {4},
    month = {4},
    pages = {692--708},
    volume = {35},
    url = {http://www.sciencedirect.com/science/article/pii/S0098135410003649},
    doi = {10.1016/j.compchemeng.2010.12.003},
    issn = {00981354},
    keywords = {Chemical engineering design process, Information integration, OntoCAPE, Ontology-based software, Semantic technologies}
}

@article{Rachuri2008,
    title = {{Information sharing and exchange in the context of product lifecycle management: Role of standards}},
    year = {2008},
    journal = {CAD Computer Aided Design},
    author = {Rachuri, Sudarsan and Subrahmanian, Eswaran and Bouras, Abdelaziz and Fenves, Steven J. and Foufou, Sebti and Sriram, Ram D.},
    number = {7},
    pages = {789--800},
    volume = {40},
    isbn = {0010-4485},
    doi = {10.1016/j.cad.2007.06.012},
    issn = {00104485},
    keywords = {Data exchange, Interoperability, Open standards, PLM systems, Product life cycle}
}

@article{Pirotte2004,
    title = {{Integrating two descriptions of taxonomies with materialization}},
    year = {2004},
    journal = {Journal of Object Technology},
    author = {Pirotte, Alain and Massart, David},
    number = {5},
    pages = {143--149},
    volume = {3},
    doi = {10.5381/jot.2004.3.5.a4},
    issn = {16601769}
}

@article{BenKhedher2011,
    title = {{Integration between MES and product lifecycle management}},
    year = {2011},
    journal = {IEEE International Conference on Emerging Technologies and Factory Automation, ETFA},
    author = {Ben Khedher, Anis and Henry, S√©bastien and Bouras, Abdelaziz},
    isbn = {9781457700187},
    doi = {10.1109/ETFA.2011.6058993},
    issn = {1946-0740},
    keywords = {MES, PLM, integration, mediation system, web service architecture}
}

@article{Adeyeri2015,
    title = {{Integration of agent technology into manufacturing enterprise: A review and platform for industry 4.0}},
    year = {2015},
    journal = {IEOM 2015 - 5th International Conference on Industrial Engineering and Operations Management, Proceeding},
    author = {Adeyeri, Michael Kanisuru and Mpofu, Khumbulani and Adenuga Olukorede, T.},
    isbn = {9781479960651},
    doi = {10.1109/IEOM.2015.7093910},
    issn = {9781479960651},
    keywords = {Agent and multi-agents technology, industry 4.0, manufacturing enterprise level, reconfigurable manufacturing system}
}

@book{Tolk2011,
    title = {{Intelligence-Based Systems Engineering}},
    year = {2011},
    author = {Tolk, Andreas and Jain, Lakhmi C},
    volume = {10},
    url = {http://link.springer.com/10.1007/978-3-642-17931-0},
    isbn = {978-3-642-17930-3},
    doi = {10.1007/978-3-642-17931-0}
}

@book{Editors2007,
    title = {{International Handbooks on Information Systems}},
    year = {2007},
    booktitle = {Decision Support Systems},
    author = {Editors, Series and Bernus, Peter and Shaw, Michael J},
    pages = {654},
    url = {http://www.gbv.de/du/services/toc/bs/368354474},
    isbn = {9783540664413},
    doi = {10.1007/978-3-642-00416-2},
    issn = {10744770},
    pmid = {15756995}
}

@article{Fragaa,
    title = {{Interoperabilidad Sem{\'{a}}ntica entre Est{\'{a}}ndares de Datos Industriales para Productos}},
    year = {2016},
    journal = {4to Congreso Nacional de Ingenier{\'{i}}a Inform{\'{a}}tica / Sistemas de Informaci{\'{o}}n},
    author = {Fraga, Alvaro L and Vegetti, Marcela and Leone, Horacio P and Desarrollo, Instituto De},
    address = {Salta},
    keywords = {2, de informaci{\'{o}}n que est{\'{e}}n, involucrados en un, logren la inter-, los t{\'{e}}rminos manejados en, mismo entorno, operabilidad requerida es de, para que los sistemas, sem{\'{a}}ntica existente detr{\'{a}}s de, vital importancia conocer la}
}

@article{Wegner1996a,
    title = {{Interoperability}},
    year = {1996},
    journal = {ACM Comput. Surv.},
    author = {Wegner, Peter},
    number = {1},
    pages = {285--287},
    volume = {28},
    url = {http://doi.acm.org/10.1145/234313.234424},
    doi = {10.1145/234313.234424},
    issn = {0360-0300}
}

@article{Vernadat2007,
    title = {{Interoperable enterprise systems: Principles, concepts, and methods}},
    year = {2007},
    journal = {Annual Reviews in Control},
    author = {Vernadat, F.B.},
    number = {1},
    month = {1},
    pages = {137--145},
    volume = {31},
    url = {http://www.sciencedirect.com/science/article/pii/S1367578807000132},
    doi = {10.1016/j.arcontrol.2007.03.004},
    issn = {13675788},
    keywords = {Enterprise architectures, Enterprise integration, Semantic interoperability, Service-oriented architectures, Systems interoperability}
}

@article{Sowa2009,
    title = {{Introduction to Common Logic}},
    year = {2009},
    author = {Sowa, John F},
    number = {December},
    pages = {29 pp}
}

@misc{ISO2004,
    title = {{ISO 15531 MANDATE : Industrial manufacturing management data}},
    year = {2004}
}

@article{Cutting-Decelle2007,
    title = {{ISO 15531 MANDATE: A Product-process-resource based Approach for Managing Modularity in Production Management}},
    year = {2007},
    journal = {Concurrent Engineering},
    author = {Cutting-Decelle, A. F. and Young, R. I. M. and Michel, J. J. and Grangel, R. and Le Cardinal, J. and Bourey, J. P.},
    number = {2},
    pages = {217--235},
    volume = {15},
    url = {http://cer.sagepub.com/cgi/doi/10.1177/1063293X07079329},
    isbn = {1063-293X},
    doi = {10.1177/1063293X07079329},
    issn = {1063-293X},
    keywords = {information models, international standard, knowledge management, manufacturing management, modules, ontologies}
}

@article{Pouchard2005,
    title = {{ISO 18629 PSL: A Standardised language for specifying and exchanging process information}},
    year = {2005},
    journal = {IFAC Proceedings Volumes (IFAC-PapersOnline)},
    author = {Pouchard, L. C. and Cutting-Decelle, A. F. and Michel, J. J. and Gr{\"{u}}ninger, M.},
    pages = {37--45},
    volume = {16},
    isbn = {008045108X},
    doi = {10.3182/20050703-6-CZ-1902.01525},
    issn = {14746670},
    keywords = {Manufacturing processes, Ontologies, Standards}
}

@article{mcbride2002jena,
    title = {{Jena: A semantic web toolkit}},
    year = {2002},
    journal = {IEEE Internet computing},
    author = {McBride, Brian},
    number = {6},
    pages = {55--59},
    volume = {6},
    publisher = {IEEE}
}

@article{Choudhary2011,
    title = {{Knowledge discOvery And daTa minINg inteGrated (KOATING) Moderators for collaborative projects.}},
    year = {2011},
    journal = {International Journal of Production Research},
    author = {Choudhary, A. K. and Harding, J. A. and Lin, H. K. and Tiwari, M. K. and Shankar, R.},
    number = {23},
    pages = {7029--7057},
    volume = {49},
    url = {10.1080/00207543.2010.532166%5Cnhttp://search.ebscohost.com/login.aspx?direct=true&db=bth&AN=66788013&site=ehost-live},
    doi = {10.1080/00207543.2010.532166},
    issn = {00207543},
    keywords = {AUTOMATIC extracting (Information science), COLLECTIVE action, CROSS-functional teams, DATA mining, EXPERT systems (Computer science), INFORMATION services -- Management, KNOWLEDGE management, LEARNING, Moderators, ORGANIZATIONAL learning, TEAMS in the workplace, UML (Computer science), Universal Knowledge Moderator, VIRTUAL work teams, collaborative projects, data mining, knowledge discovery, learning, virtual enterprise}
}

@book{Genesereth1992,
    title = {{Knowledge Interchange Format}},
    year = {1992},
    author = {Genesereth, Michael R. and Fikes, Richard E.},
    number = {January},
    pages = {1--68}
}

@article{Gangemi2013,
    title = {{Knowledge Patterns as one means to overcome ontology design bottlenecks Semantic technologies only sparsely}},
    year = {2013},
    author = {Gangemi, Aldo},
    keywords = {OntologySummit, ontology summit, OntologySummit201}
}

@article{Staab2000a,
    title = {{Knowledge Processes and Ontologies}},
    year = {2000},
    author = {Staab, Steffen and Schnurr, Hans-Peter and Studer, Rudi and Sure, York},
    number = {01},
    pages = {1--24},
    volume = {16},
    url = {http://www.aifb.uni-karlsruhe.de/WBS%0Ahttp://www.ontoprise.de},
    keywords = {Knowledge Mangement, Knowledge Process, Ontology}
}

@article{Zhan2017,
    title = {{Knowledge representation and ontology mapping methods for product data in engineering applications}},
    year = {2010},
    journal = {Journal of {\ldots}},
    author = {Zhan, Pei and Jayaram, U},
    pages = {1--17},
    url = {http://appliedmechanics.asmedigitalcollection.asme.org/article.aspx?articleid=1401885}
}

@article{Zhan2010,
    title = {{Knowledge Representation and Ontology Mapping Methods for Product Data in Engineering Applications}},
    year = {2010},
    journal = {Journal of Computing and Information Science in Engineering},
    author = {Zhan, Pei and Jayaram, Uma and Kim, OkJoon and Zhu, Lijuan},
    number = {2},
    pages = {021004},
    volume = {10},
    url = {http://computingengineering.asmedigitalcollection.asme.org/article.aspx?articleid=1401885},
    doi = {10.1115/1.3330432},
    issn = {15309827}
}

@article{Shapiro2010,
    title = {{Knowledge Representation and Reasoning Logics for Artificial Intelligence}},
    year = {2010},
    author = {Shapiro, Stuart C},
    pages = {2004--2010}
}

@article{Giovannini2016391,
    title = {{Knowledge representation, retrieval and reuse for product family design: An anti-logicist approach}},
    year = {2016},
    journal = {Computers and Industrial Engineering},
    author = {Giovannini, A. and Aubry, A. and Panetto, H. and El Haouzi, H. and Canciglieri, O. and Pierrel, L.},
    pages = {391--402},
    volume = {101},
    publisher = {Elsevier Ltd},
    url = {https://www.scopus.com/inward/record.uri?eid=2-s2.0-84991268468&doi=10.1016%2Fj.cie.2016.10.001&partnerID=40&md5=98365d3e5db1ae10d42c940a3a876346 http://dx.doi.org/10.1016/j.cie.2016.10.001},
    doi = {10.1016/j.cie.2016.10.001},
    issn = {03608352},
    keywords = {Anti-logicism, Knowledge representation, Knowledge reuse, Product family, Product platform}
}

@incollection{Arduin2015,
    title = {{Knowledge Sharing in Design Based on Product Lifecycle Management System}},
    year = {2015},
    booktitle = {ICoRD'15 -- Research into Design Across Boundaries Volume 2: Creativity, Sustainability, DfX, Enabling Technologies, Management and Applications},
    author = {Arduin, Pierre-Emmanuel and Le Duigou, Julien and Abel, Marie-H√©l√®ne and Eynard, Beno√Æt},
    editor = {Chakrabarti, Amaresh},
    pages = {507--517},
    volume = {2},
    publisher = {Springer India},
    url = {http://dx.doi.org/10.1007/978-81-322-2229-3_43},
    address = {New Delhi},
    isbn = {978-81-322-2229-3},
    doi = {10.1007/978-81-322-2229-3{\_}43},
    keywords = {Design, Knowledge management, Ontology, Product lifecycle management, Tacit knowledge}
}

@article{Wang2010,
    title = {{Knowledge sharing: A review and directions for future research}},
    year = {2010},
    journal = {Human Resource Management Review},
    author = {Wang, Sheng and Noe, Raymond A.},
    number = {2},
    pages = {115--131},
    volume = {20},
    publisher = {Elsevier Inc.},
    url = {http://dx.doi.org/10.1016/j.hrmr.2009.10.001},
    isbn = {1053-4822},
    doi = {10.1016/j.hrmr.2009.10.001},
    issn = {10534822},
    pmid = {48257469},
    keywords = {Knowledge exchange, Knowledge management, Knowledge sharing}
}

@article{Sanchez2012a,
    title = {{Learning relation axioms from text: An automatic Web-based approach}},
    year = {2012},
    journal = {Expert Systems with Applications},
    author = {S{\'{a}}nchez, David and Moreno, Antonio and Del Vasto-Terrientes, Luis},
    number = {5},
    pages = {5792--5805},
    volume = {39},
    isbn = {0957-4174},
    doi = {10.1016/j.eswa.2011.11.088},
    issn = {09574174},
    keywords = {Axioms, Knowledge discovery, Ontologies, Relation properties, Web mining}
}

@article{Poggi2008,
    title = {{Linking data to ontologies}},
    year = {2008},
    journal = {Lecture Notes in Computer Science (including subseries Lecture Notes in Artificial Intelligence and Lecture Notes in Bioinformatics)},
    author = {Poggi, Antonella and Lembo, Domenico and Calvanese, Diego and De Giacomo, Giuseppe and Lenzerini, Maurizio and Rosati, Riccardo},
    pages = {133--173},
    volume = {4900 LNCS},
    isbn = {3540776877},
    doi = {10.1007/978-3-540-77688-8{\_}5},
    issn = {03029743},
    pmid = {17786577}
}

@article{Instructions2014,
    title = {{Macleod : A Common Logic Environment for Ontology Development}},
    year = {2014},
    author = {Instructions, Installation and Hahmann, Torsten},
    pages = {1--3}
}

@article{Ray2006,
    title = {{Manufacturing interoperability}},
    year = {2006},
    journal = {Journal of Intelligent Manufacturing},
    author = {Ray, S. R. and Jones, a. T.},
    number = {6},
    pages = {681--688},
    volume = {17},
    isbn = {905809622X},
    doi = {10.1007/s10845-006-0037-x},
    issn = {09565515},
    keywords = {Formal logic, Interoperability, Ontology, Standards}
}

@article{Oh2007,
    title = {{Manufacturing interoperability using a semantic mediation}},
    year = {2007},
    journal = {The International Journal of Advanced Manufacturing Technology},
    author = {Oh, Seog-Chan and Yee, Shang-Tae},
    number = {1-2},
    month = {9},
    pages = {199--210},
    volume = {39},
    url = {http://link.springer.com/10.1007/s00170-007-1198-2},
    doi = {10.1007/s00170-007-1198-2},
    issn = {0268-3768}
}

@article{Young2007,
    title = {{Manufacturing knowledge sharing in PLM: a progression towards the use of heavy weight ontologies}},
    year = {2007},
    journal = {International Journal of Production Research},
    author = {Young, R. I. M. and Gunendran, A. G. and Cutting-Decelle, A. F. and Gruninger, M.},
    number = {7},
    pages = {1505--1519},
    volume = {45},
    url = {http://www.tandfonline.com/doi/abs/10.1080/00207540600942268},
    isbn = {0020-7543},
    doi = {10.1080/00207540600942268},
    issn = {0020-7543},
    keywords = {Decision support, Manufacturing knowledge sharing, Ontologies, Product lifecycle management, decision support, knowledge sharing, manufacturing, ontologies, product lifecycle management}
}

@article{Hastilow2013,
    title = {{Manufacturing Systems Interoperability in Dynamic Change Environments}},
    year = {2013},
    author = {Hastilow, Neil}
}

@article{Oh2001,
    title = {{Mapping product structures between CAD and PDM systems using UML}},
    year = {2001},
    journal = {CAD Computer Aided Design},
    author = {Oh, Youchon and Han, Soon-hung and Suh, Hyowon},
    number = {7},
    pages = {521--529},
    volume = {33},
    isbn = {00104485},
    doi = {10.1016/S0010-4485(01)00051-3},
    issn = {00104485},
    keywords = {Mappings, Product data exchange, STEP, mappings, product data exchange, step}
}

@article{Dahchour2002,
    title = {{Materialization and its metaclass implementation}},
    year = {2002},
    journal = {IEEE Transactions on Knowledge and Data Engineering},
    author = {Dahchour, Mohamed and Pirotte, Alain and Zim{\'{a}}nyi, Esteban},
    number = {5},
    pages = {1078--1094},
    volume = {14},
    isbn = {1041-4347},
    doi = {10.1109/TKDE.2002.1033775},
    issn = {10414347},
    keywords = {Conceptual modeling, Generic relationship, Inheritance, Materialization, Metaclass, Object orientation}
}

@article{Pirotte1994,
    title = {{Materialization: a powerful and ubiquitous pattern abstraction}},
    year = {1994},
    journal = {Proceedings of the 20th VLDB Conference},
    author = {Pirotte, Alain and Zimanyi, Esteban and Massart, David and Yakusheva, Tatiana},
    pages = {630--641},
    isbn = {1-55860-153-8},
    keywords = {classification, conceptual modeling, object oriented model}
}

@article{Zhang2010a,
    title = {{Measuring design complexity of semantic web ontologies}},
    year = {2010},
    journal = {Journal of Systems and Software},
    author = {Zhang, Hongyu and Li, Yuan Fang and Tan, Hee Beng Kuan},
    number = {5},
    pages = {803--814},
    volume = {83},
    publisher = {Elsevier Inc.},
    url = {http://dx.doi.org/10.1016/j.jss.2009.11.735},
    isbn = {0164-1212},
    doi = {10.1016/j.jss.2009.11.735},
    issn = {01641212},
    keywords = {Design complexity, OWL, Ontology, Ontology metrics, Software metrics}
}

@article{McKerlich2013,
    title = {{Measuring use and creation of open educational resources in higher education}},
    year = {2013},
    journal = {International Review of Research in Open and Distance Learning},
    author = {McKerlich, Ross and Ives, Cindy and McGreal, Rory},
    number = {4},
    pages = {90--103},
    volume = {14},
    isbn = {9783848215430},
    doi = {10.1002/asi},
    issn = {14923831},
    pmid = {502955140},
    arxivId = {0803.1716},
    keywords = {OER, Open educational resources, Open learning, Open textbooks}
}

@article{Anjum2012,
    title = {{Mediation of foundation ontology based knowledge sources}},
    year = {2012},
    journal = {Computers in Industry},
    author = {Anjum, N. A. and Harding, J. A. and Young, R. I. M. and Case, K.},
    number = {5},
    pages = {433--442},
    volume = {63},
    publisher = {Elsevier B.V.},
    url = {http://dx.doi.org/10.1016/j.compind.2012.01.009},
    doi = {10.1016/j.compind.2012.01.009},
    issn = {01663615},
    keywords = {Common Logic, Domain ontologies, Foundation ontologies, Interoperability, Knowledge verification}
}

@article{ManufacturingEnterpriseSolutionsAssociation1997,
    title = {{MES Explained: A High Level Vision}},
    year = {1997},
    journal = {MESA Internacional},
    author = {{Manufacturing Enterprise Solutions Association}},
    number = {6},
    pages = {23},
    url = {http://www.cpdee.ufmg.br/~seixas/PaginaII/Download/DownloadFiles/pap6.pdf}
}

@article{Silega2014,
    title = {{Model-driven and ontology-based framework for semantic description and validation of business processes}},
    year = {2014},
    journal = {IEEE Latin America Transactions},
    author = {Silega, N. and Loureiro, T. and Noguera, M.},
    number = {2},
    pages = {292--299},
    volume = {12},
    doi = {10.1109/TLA.2014.6749551},
    issn = {15480992},
    keywords = {Model Driven Architecture, business processes, enterprise, enterprise management systems, model driven architecture, ontologies, systems}
}

@article{Azevedo2015,
    title = {{Modeling Resources and Capabilities in Enterprise Architecture: A well-founded ontology-based proposal for ArchiMate}},
    year = {2015},
    journal = {Information Systems},
    author = {Azevedo, Carlos L.B. and Iacob, Maria-Eugenia and Almeida, Jo√£o Paulo A. and van Sinderen, Marten and Pires, Lu√≠s Ferreira and Guizzardi, Giancarlo},
    number = {Barney 1991},
    pages = {235--262},
    volume = {54},
    url = {http://www.sciencedirect.com/science/article/pii/S0306437915000745},
    doi = {10.1016/j.is.2015.04.008},
    issn = {03064379},
    keywords = {ArchiMate, Capability, Enterprise architecture modeling, Ontology-based semantics, Resource}
}

@misc{Orduna2010a,
    title = {{MORE LAB. Injection attacks.}},
    year = {2010},
    author = {Ordu{\~{n}}a, Pablo and Almeida, Aitor and Aguilera, Unai and Laiseca, Xabier and G{\'{o}}mez-Goiri, Aitor},
    url = {http://www.morelab.deusto.es/code_injection/},
    isbn = {9788492812592}
}

@incollection{Kripke1972,
    title = {{Naming and Necessity}},
    year = {1972},
    booktitle = {Semantics of Natural Language},
    author = {Kripke, Saul A},
    editor = {Davidson, Donald and Harman, Gilbert},
    pages = {253--355},
    publisher = {Springer Netherlands},
    url = {http://dx.doi.org/10.1007/978-94-010-2557-7_9},
    address = {Dordrecht},
    isbn = {978-94-010-2557-7},
    doi = {10.1007/978-94-010-2557-7{\_}9}
}

@unpublished{upm3879,
    title = {{NeOn Methodology for Building Ontology Networks: Specification, Scheduling and Reuse}},
    year = {2010},
    author = {Su{\'{a}}rez-Figueroa, Mari Carmen},
    month = {6},
    url = {http://oa.upm.es/3879/},
    institution = {Informatica},
    keywords = {Methodology, Ontologies, oeg}
}

@article{baina2009new,
    title = {{New paradigms for a product oriented modelling: Case study for traceability}},
    year = {2009},
    journal = {Computers in Industry},
    author = {Ba{\"{i}}na, Salah and Panetto, Herv√© and Morel, G√©rard},
    number = {3},
    pages = {172--183},
    volume = {60},
    publisher = {Elsevier},
    isbn = {0166-3615},
    doi = {10.1016/j.compind.2008.12.004},
    issn = {01663615},
    keywords = {Intelligent product, Manufacturing systems, Product oriented approach, Product representation, product representation}
}

@article{Barcelos2016,
    title = {{On the importance of truly ontological distinctions for standardizations: A case study in the domain of telecommunications}},
    year = {2016},
    journal = {Computer Standards and Interfaces},
    author = {Barcelos, Pedro Paulo F. and Reginato, C√°ssio and Monteiro, Maxwell E. and Garcia, Anilton S.},
    pages = {28--41},
    volume = {44},
    publisher = {Elsevier B.V.},
    url = {http://dx.doi.org/10.1016/j.csi.2015.09.011},
    doi = {10.1016/j.csi.2015.09.011},
    issn = {09205489},
    keywords = {Formal specification, ITU-T Recommendation G.805, OntoUML, Ontology, Standard}
}

@article{Guizzardi,
    title = {{On the representation of Collectives and their Parts in Conceptual Modeling : An Ontological Analysis}},
    author = {Guizzardi, Giancarlo},
    keywords = {ontological foundations for conceptual modeling, part-whole relations}
}

@article{Guizzardi2010,
    title = {{On the representation of quantities and their parts in conceptual modeling}},
    year = {2010},
    journal = {Frontiers in Artificial Intelligence and Applications},
    author = {Guizzardi, Giancarlo},
    pages = {103--116},
    volume = {209},
    isbn = {9781607505341},
    doi = {10.3233/978-1-60750-535-8-103},
    issn = {09226389},
    keywords = {Conceptual Modeling, Real-World Semantics, Representation of Quantities}
}

@article{Panetto2012,
    title = {{ONTO-PDM: product-driven ONTOlogy for Product Data Management interoperability within manufacturing process environment}},
    year = {2012},
    journal = {Advanced Engineering Informatics},
    author = {Panetto, H. and Dassiti, M. and Tursi, A.},
    number = {2},
    pages = {334--348},
    volume = {26},
    isbn = {1474-0346},
    doi = {10.1016/j.aei.2011.12.002},
    issn = {14740346},
    pmid = {29982528},
    keywords = {Enterprise integration and networking, IEC 62264, ISO 10303, Interoperability, Ontology, Product Data Management, data management, enterprise integration and networking, iec 62264, interoperability, iso 10303, ontology, product}
}

@book{Marquardt2010,
    title = {{OntoCAPE - A Re-Usable Ontology for Chemical Process}},
    year = {2010},
    author = {Marquardt, W. and Morbach, J. and Wiesner, A. and {A.Yang}}
}

@article{Mousavi2013,
    title = {{OntoGrower: An Unsupervised Ontology Generator from Free Text}},
    year = {2013},
    journal = {Technical Report},
    author = {Mousavi, Hamid and Kerr, Deirdre and Iseli, Markus R and Zaniolo, Carlo},
    number = {4}
}

@incollection{Borgo2015,
    title = {{Ontological Analysis and Engineering Standards}},
    year = {2015},
    booktitle = {Ontology Modeling in Physical Asset Integrity Management},
    author = {Borgo, Stefano and Sanfilippo, Emilio M. and Aleksandra, Sojic and Terkaj, Walter},
    pages = {17--43},
    publisher = {Springer},
    isbn = {9783319153261},
    doi = {10.1007/978-3-319-15326-1},
    keywords = {class, ifc, instance, occurrence, ontological analysis, type}
}

@article{Borgo2015a,
    title = {{Ontological Analysis and Engineering Standards : An Initial Study of IFC}},
    year = {2015},
    author = {Borgo, Stefano and Sanfilippo, Emilio M},
    number = {May 2016},
    pages = {2--29},
    isbn = {9783319153261},
    doi = {10.1007/978-3-319-15326-1},
    keywords = {class, ifc, instance, occurrence, ontological analysis, type}
}

@article{Sales2015,
    title = {{Ontological anti-patterns: Empirically uncovered error-prone structures in ontology-driven conceptual models}},
    year = {2015},
    journal = {Data and Knowledge Engineering},
    author = {Sales, Tiago Prince and Guizzardi, Giancarlo},
    pages = {72--104},
    volume = {99},
    doi = {10.1016/j.datak.2015.06.004},
    issn = {0169023X},
    keywords = {OntoUML, Ontological anti-patterns, Ontology-driven conceptual modeling, UFO}
}

@article{Tursi2009,
    title = {{Ontological Approach for Products-Centric Information System Interoperability in Networked Manufacturing Enterprises}},
    year = {2009},
    journal = {Annual Reviews in Control},
    author = {Tursi, A. and Panetto, H. and Morel, G. and Dassisti, M.},
    pages = {238--245},
    volume = {33},
    doi = {10.1016/j.arcontrol.2009.05.003},
    keywords = {enterprise integration and networking}
}

@article{Tartir2010,
    title = {{Ontological Evaluation and Validation}},
    year = {2010},
    author = {Tartir, Samir},
    number = {September},
    isbn = {9789048188475},
    doi = {10.1007/978-90-481-8847-5}
}

@article{Venkatasubramanian2006,
    title = {{Ontological informatics infrastructure for pharmaceutical product development and manufacturing}},
    year = {2006},
    journal = {Computers and Chemical Engineering},
    author = {Venkatasubramanian, Venkat and Zhao, Chunhua and Joglekar, Girish and Jain, Ankur and Hailemariam, Leaelaf and Suresh, Pradeep and Akkisetty, Pavankumar and Morris, Ken and Reklaitis, G. V.},
    number = {10-12},
    month = {9},
    pages = {1482--1496},
    volume = {30},
    isbn = {0098-1354},
    doi = {10.1016/j.compchemeng.2006.05.036},
    issn = {00981354},
    keywords = {Ontology, Pharmaceutical informatics, Process development, Product design, Semantic Web}
}

@article{Guizzardi2014a,
    title = {{Ontological Patterns, Anti-Patterns and Pattern Languages for Next-Generation Conceptual Modeling}},
    year = {2014},
    journal = {Conceptual Modeling: 33rd International Conference, ER 2014, Atlanta, GA, USA, October 27-29, 2014. Proceedings},
    author = {Guizzardi, Giancarlo},
    pages = {13--27},
    url = {http://link.springer.com/10.1007/978-3-319-12206-9_2},
    isbn = {978-3-319-12205-2},
    doi = {10.1007/978-3-319-12206-9{\_}2},
    issn = {16113349},
    keywords = {and pattern languages, anti-patterns, anti-patterns and, conceptual modeling, data processing, formal ontology, ideas about it existing, if there were three, in the minds, let us note that, patterns, philosophical plane, realms of interest in, the real world itself, to begin on a, we usually behave as}
}

@article{Bock2010,
    title = {{Ontological product modeling for collaborative design}},
    year = {2010},
    journal = {Advanced Engineering Informatics},
    author = {Bock, Conrad and Zha, Xuanfang and Suh, Hyo Won and Lee, Jae Hyun},
    number = {4},
    pages = {510--524},
    volume = {24},
    publisher = {Elsevier Ltd},
    url = {http://dx.doi.org/10.1016/j.aei.2010.06.011},
    isbn = {1474-0346},
    doi = {10.1016/j.aei.2010.06.011},
    issn = {14740346},
    keywords = {Collaborative design, Ontology, Product modeling languages}
}

@article{Merrill2010,
    title = {{Ontological realism : Methodology or misdirection ?}},
    year = {2010},
    journal = {Applied Ontology},
    author = {Merrill, Gary H},
    number = {2},
    pages = {79--108},
    volume = {5},
    url = {http://iospress.metapress.com/index/J3324564P5L33863.pdf},
    isbn = {1570-5838},
    doi = {10.3233/AO-2010-0076},
    issn = {15705838},
    keywords = {empiricism, metaphysics, ontological methodology, ontology, realism}
}

@article{Rosengard2006,
    title = {{Ontological Representations of Software Patterns}},
    year = {2004},
    author = {Rosengard, Jean-Marc and Ursu, Marian F.},
    pages = {31--37},
    volume = {3215},
    url = {http://link.springer.com/10.1007/978-3-540-30134-9_5 http://arxiv.org/abs/cs/0605059},
    isbn = {978-3-540-23205-6},
    doi = {10.1007/978-3-540-30134-9{\_}5},
    issn = {03029743},
    arxivId = {cs/0605059}
}

@article{Calvanese2009a,
    title = {{Ontologies and databases: The dl-lite approach}},
    year = {2009},
    journal = {Lecture Notes in Computer Science (including subseries Lecture Notes in Artificial Intelligence and Lecture Notes in Bioinformatics)},
    author = {Calvanese, Diego and De Giacomo, Giuseppe and Lembo, Domenico and Lenzerini, Maurizio and Poggi, Antonella and Rodriguez-Muro, Mariano and Rosati, Riccardo},
    pages = {255--356},
    volume = {5689 LNCS},
    isbn = {3642037534},
    doi = {10.1007/978-3-642-03754-2{\_}7},
    issn = {03029743}
}

@article{Pattinson2011,
    title = {{Ontologies and the Semantic Web}},
    year = {2011},
    author = {Pattinson, Dirk},
    number = {December},
    pages = {3--5},
    isbn = {978-3-540-92913-0},
    doi = {10.1007/978-3-540-92913-0{\_}13}
}

@article{Horrocks2008,
    title = {{Ontologies and the semantic web}},
    year = {2008},
    journal = {Communications of the ACM},
    author = {Horrocks, Ian},
    number = {12},
    pages = {58--67},
    volume = {51},
    url = {http://www.cs.ox.ac.uk/ian.horrocks/Publications/download/2008/Horr08a.pdf http://doi.acm.org/10.1145/1409360.1409377},
    isbn = {9783540929130},
    doi = {10.1145/1409360.1409377},
    issn = {00010782},
    keywords = {ICAN, Ian Horrocks, controlled vocabulary, ontology, semantic we}
}

@article{Ciocoiu2001,
    title = {{Ontologies for Integrating Engineering Applications}},
    year = {2001},
    journal = {Journal of Computing and Information Science in Engineering},
    author = {Ciocoiu, Mihai and Nau, Dana S. and Gruninger, Michael},
    number = {1},
    pages = {12},
    volume = {1},
    url = {http://dl.acm.org/citation.cfm?id=381719.381721},
    isbn = {1530-9827},
    doi = {10.1115/1.1344878},
    issn = {15309827}
}

@article{Bhatia2016,
    title = {{Ontologies for software engineering: Past, present and future}},
    year = {2016},
    journal = {Indian Journal of Science and Technology},
    author = {Bhatia, M. P S and Kumar, Akshi and Beniwal, Rohit},
    number = {9},
    volume = {9},
    doi = {10.17485/ijst/2016/v9i9/71384},
    issn = {09745645},
    keywords = {Life cycle, Ontologies, Semantic web, Semantic web enabled software engineering, Software engineering, Support technology}
}

@article{ElKadiri2015,
    title = {{Ontologies in the context of product lifecycle management: State of the art literature review}},
    year = {2015},
    journal = {International Journal of Production Research},
    author = {El Kadiri, Soumaya and Kiritsis, Dimitris},
    number = {18},
    pages = {5657--5668},
    volume = {53},
    url = {http://www.tandfonline.com/action/journalInformation?journalCode=tprs20%5Cnhttp://www.tandfonline.com/doi/full/10.1080/00207543.2015.1052155},
    doi = {10.1080/00207543.2015.1052155},
    issn = {0020-7543},
    keywords = {PLM, engineering, ontology, plm, product lifecycle management, roles of ontology, semantics}
}

@article{Cimiano2006a,
    title = {{Ontologies on Demand? - A Description of the State-of-the-Art, Applications, Challenges and Trends for Ontology Learning from Text}},
    year = {2006},
    journal = {Information, Wissenschaft und Praxis},
    author = {Cimiano, Philipp and V{\"{o}}lker, Johanna and Studer, Rudi},
    number = {6-7},
    pages = {315--320},
    volume = {57},
    url = {http://www.aifb.uni-karlsruhe.de/WBS/pci/Publications/iwp06.pdf},
    issn = {1434-4653},
    keywords = {learning, ontology, ontology-learning, state-of-the-art}
}

@article{Uschold1996,
    title = {{Ontologies: principles, methods and applications}},
    year = {1996},
    journal = {The Knowledge Engineering Review},
    author = {Uschold, Mike and Gruninger, Michael},
    number = {02},
    month = {7},
    pages = {93},
    volume = {11},
    url = {http://www.journals.cambridge.org/abstract_S0269888900007797 https://www.researchgate.net/publication/2601385_Gruninger_M_Ontologies_Principles_methods_and_applications_Knowledge_Eng_Rev_112_93-155},
    isbn = {0269-8889},
    doi = {10.1017/S0269888900007797},
    issn = {0269-8889}
}

@article{Castano2011,
    title = {{Ontology and instance matching}},
    year = {2011},
    journal = {Lecture Notes in Computer Science (including subseries Lecture Notes in Artificial Intelligence and Lecture Notes in Bioinformatics)},
    author = {Castano, Silvana and Ferrara, Alfio and Montanelli, Stefano and Varese, Gaia},
    number = {Section 3},
    pages = {167--195},
    volume = {6050},
    isbn = {9783642207945},
    doi = {10.1007/978-3-642-20795-2{\_}7},
    issn = {03029743}
}

@article{Bittner2005,
    title = {{Ontology and semantic interoperability}},
    year = {2005},
    journal = {Large-scale 3D data integration},
    author = {Bittner, Thomas and Donnelly, Maureen and Winter, Stephan},
    number = {i},
    pages = {1--24},
    url = {http://books.google.com/books?hl=en&lr=&id=B7LRXzg0PLIC&oi=fnd&pg=PA139&dq=Ontology+and+Semantic+Interoperability&ots=EDUwRdhd2A&sig=UHfhEF2XDw4EBgNd9p-UcClN6ss}
}

@article{Lu2010,
    title = {{Ontology Approach for the Interoperability of networked enterprises in supply chain environment}},
    year = {2010},
    journal = {5th IFAC/IFIP Workshop on Enterprise Integration, Interoperability and Networking, EI2N'2010},
    author = {Lu, Yan and Panetto, Herv√© Herve and Gu, Xinjian},
    number = {September},
    volume = {6428},
    url = {http://link.springer.com/10.1007/978-3-642-16961-8},
    isbn = {3642169600},
    doi = {10.1007/978-3-642-16961-8{\_}40},
    issn = {03029743},
    pmid = {4520227},
    arxivId = {9780201398298},
    keywords = {Interoperability, ONTO-PDM, Product ontology, SCOR, Supply chain, interoperability, onto-, product ontology, scor, supply chain}
}

@article{Karkaletsis2011,
    title = {{Ontology Based Information Extraction from Text}},
    year = {2011},
    journal = {Knowledge-driven multimedia information extraction and ontology evolution},
    author = {Karkaletsis, Vangelis and Fragkou, Pavlina and Petasis, George and Iosif, Elias},
    pages = {89--109},
    url = {http://link.springer.com/10.1007/978-3-642-20795-2_4 http://eprints.pascal-network.org/archive/00009425/},
    isbn = {978-3-642-20794-5},
    doi = {10.1007/978-3-642-20795-2{\_}4},
    issn = {03029743},
    keywords = {Natural Language Processing}
}

@article{Abburu2017,
    title = {{Ontology Concept-Based Management and Semantic Retrieval of Satellite Data}},
    year = {2017},
    journal = {Journal of Intelligent Systems},
    author = {Abburu, Sunitha and Dube, Nitant},
    number = {2},
    pages = {197--213},
    volume = {26},
    url = {http://www.degruyter.com/view/j/jisys.2017.26.issue-2/jisys-2015-0082/jisys-2015-0082.xml},
    doi = {10.1515/jisys-2015-0082},
    issn = {2191-026X},
    keywords = {Satellite data, centre, dedicated to space applications, dedication, govt, indian space research organization, isro, of india, ontology, respond, sac, satellite data, semantic retrieval, visualization}
}

@article{Al-Arfaj2015,
    title = {{Ontology Construction from Text: Challenges and Trends}},
    year = {2015},
    journal = {International Journal of Artificial Intelligence and Expert Systems},
    author = {Al-Arfaj, Abeer and Al-Salman, Abdulmalik},
    number = {62},
    pages = {2015--15},
    keywords = {Ontology Engineering, Ontology Evaluation, Ontology Learning, Ontology Learning Systems}
}

@article{Noy2001,
    title = {{Ontology Development 101: A Guide to Creating Your First Ontology}},
    year = {2001},
    journal = {Stanford Knowledge Systems Laboratory},
    author = {Noy, Natalya F. and McGuinness, Deborah L.},
    pages = {25},
    volume = {32},
    url = {http://citeseerx.ist.psu.edu/viewdoc/download?doi=10.1.1.136.5085&amp;rep=rep1&amp;type=pdf%5Cnhttp://liris.cnrs.fr/alain.mille/enseignements/Ecole_Centrale/What is an ontology and why we need it.htm},
    isbn = {9783540237983},
    doi = {10.1016/j.artmed.2004.01.014},
    issn = {09333657},
    pmid = {3342},
    arxivId = {1304.1186}
}

@article{Isotani2015,
    title = {{Ontology Driven Software Engineering: A Review of Challenges and Opportunities}},
    year = {2015},
    journal = {IEEE Latin America Transactions},
    author = {Isotani, S and Bittencourt, I Ibert and Barbosa, E Francine and Dermeval, D and Paiva, R Oscar Araujo},
    number = {3},
    pages = {863--869},
    volume = {13},
    isbn = {1548-0992 VO - 13},
    doi = {10.1109/TLA.2015.7069116},
    issn = {1548-0992},
    keywords = {Knowledge based systems, Laser radar, Ontologies, Resource description framework, Software, Software engineering, expressive knowledge bases, formal representations, ontologies, ontologies (artificial intelligence), ontology, ontology driven software engineering, semantic Web, semantic Web technologies, semantic software, semantic web, software development, software engineering}
}

@article{Tartir2007,
    title = {{Ontology evaluation and ranking using OntoQA}},
    year = {2007},
    journal = {ICSC 2007 International Conference on Semantic Computing},
    author = {Tartir, Samir and Arpinar, I. Budak},
    number = {January},
    pages = {185--192},
    isbn = {0769529976},
    doi = {10.1109/ICSC.2007.19}
}

@article{Athanasiadis2009,
    title = {{Ontology for seamless integration of agricultural data and models}},
    year = {2009},
    journal = {Communications in Computer and Information Science},
    author = {Athanasiadis, Ioannis N. and Rizzoli, Andrea Emilio and Janssen, Sander and Andersen, Erling and Villa, Ferdinando},
    pages = {282--293},
    volume = {46},
    isbn = {9783642045899},
    doi = {10.1007/978-3-642-04590-5{\_}27},
    issn = {18650929}
}

@article{Web2004,
    title = {{Ontology for Software Metrics and Indicators}},
    year = {2004},
    journal = {Journal of Web Engineering},
    author = {Web, Semantic},
    number = {4},
    pages = {262--281},
    volume = {2},
    keywords = {cataloging web system, communicated by, indicators, metrics, ontology, r baeza-yates, semantic web}
}

@inproceedings{ElKadiri2015a,
    title = {{Ontology in Engineering Applications}},
    year = {2015},
    booktitle = {International Workshop Formal Ontologies Meet Industries},
    author = {El Kadiri, Soumaya and Terkaj, Walter and Urwin, Esmond Neil and Palmer, Claire and Kiritsis, Dimitris and Young, Robert I. M.},
    editor = {Cuel, R. and Young, R.},
    pages = {126--137},
    publisher = {Springer},
    doi = {10.1007/978-3-319-21545-7{\_}11},
    keywords = {Design, Engineering, Manufacturing, Ontology, Semantic technologies}
}

@article{Biemann2005,
    title = {{Ontology Learning from Text: A Survey of Methods}},
    year = {2005},
    journal = {LDV-Forum},
    author = {Biemann, Chris},
    number = {2},
    pages = {75--93},
    volume = {20},
    issn = {0175-1336},
    keywords = {Ontology Learning, Survey}
}

@article{Zhou2007a,
    title = {{Ontology learning: State of the art and open issues}},
    year = {2007},
    journal = {Information Technology and Management},
    author = {Zhou, Lina},
    number = {3},
    pages = {241--252},
    volume = {8},
    isbn = {1385-951X},
    doi = {10.1007/s10799-007-0019-5},
    issn = {1385951X},
    pmid = {10462415},
    keywords = {Framework, Learning techniques, Ontology, Ontology learning}
}

@article{Chungoora2008,
    title = {{Ontology Mapping to Support Semantic Interoperability in Product Design and Manufacture}},
    year = {2008},
    journal = {Young},
    author = {Chungoora, N. and Young, R. I. M.},
    pages = {1--15},
    keywords = {interoperability, manufacturing knowledge sharing, ontology, semantic mismatches}
}

@article{Ebrahimipour2015,
    title = {{Ontology modeling in physical asset integrity management}},
    year = {2015},
    journal = {Ontology Modeling in Physical Asset Integrity Management},
    author = {Ebrahimipour, Vahid and Yacout, Soumaya},
    number = {December},
    pages = {1--264},
    isbn = {9783319153261},
    doi = {10.1007/978-3-319-15326-1}
}

@article{Falbo2013,
    title = {{Ontology patterns: Clarifying concepts and terminology}},
    year = {2013},
    journal = {CEUR Workshop Proceedings},
    author = {Falbo, Ricardo A. and Guizzardi, Giancarlo and Gangemi, Aldo and Presutti, Valentina},
    volume = {1188},
    issn = {16130073},
    keywords = {Ontology design pattern, Ontology engineering, Ontology pattern}
}

@article{Kalibatiene2010,
    title = {{Ontology-based application for domain rules development}},
    year = {2010},
    journal = {Computer Science and Information technologies: Scientific Papers University of Latvia},
    author = {Kalibatiene, Diana and Vasilecas, Olegas},
    pages = {9--32},
    volume = {756},
    keywords = {application domain rule, axiom, ocl, ontology, pal, transformation}
}

@article{Sriti2015,
    title = {{Ontology-based approach for product information exchange}},
    year = {2015},
    journal = {International Journal of Product Lifecycle Management},
    author = {Sriti, M.-F. and Assouroko, I and Ducellier, G and Boutinaud, P and Eynard, B},
    number = {1},
    pages = {1--23},
    volume = {8},
    url = {http://www.scopus.com/inward/record.url?eid=2-s2.0-84925010094&partnerID=40&md5=f1e8dfa9440529d8ef5648e86cb3b631},
    doi = {10.1504/IJAMS.2015.068011},
    issn = {17435110 (ISSN)},
    keywords = {CAx, Computer-aided X, Data exchange, Ontology mapping, RDF, Resource description framework, SW, Semantic web}
}

@article{Hoang2014,
    title = {{Ontology-based approaches for cross-enterprise collaboration: a literature review on semantic business process management}},
    year = {2014},
    journal = {Enterprise Information Systems},
    author = {Hoang, H.H. Hanh H. and Jung, J.J. Jason J. and Tran, Chi P. C.P.},
    number = {6},
    pages = {648--664},
    volume = {8},
    doi = {10.1080/17517575.2013.767382},
    issn = {17517583},
    keywords = {business process management, cross-enterprise collaboration, ontology, semantic business process management, semantic web}
}

@article{Kim2006,
    title = {{Ontology-based assembly design and information sharing for collaborative product development}},
    year = {2006},
    journal = {Computer-Aided Design},
    author = {Kim, Kyoung-Yun and Manley, David G. and Yang, Hyungjeong},
    number = {12},
    pages = {1233--1250},
    volume = {38},
    url = {http://linkinghub.elsevier.com/retrieve/pii/S0010448506001680},
    isbn = {0010-4485},
    doi = {10.1016/j.cad.2006.08.004},
    issn = {00104485},
    keywords = {assembly design ontology, assembly relation model, collaborative assembly design, ontology, semantic web, spatial relationship}
}

@article{Perdikakis2015a,
    title = {{Ontology-based automated reporting for PLM applications}},
    year = {2015},
    journal = {International Journal of Product Lifecycle Management},
    author = {Perdikakis, Apostolos and Kiritsis, Dimitris},
    number = {4},
    pages = {283},
    volume = {8},
    url = {http://www.inderscience.com/link.php?id=75927},
    doi = {10.1504/IJPLM.2015.075927},
    issn = {1743-5110},
    keywords = {2015, a, and, automated report generation, d, data linking, follows, information visualisation, kiritsis, ontology-based automated reporting for, perdikakis, plm, reference to this paper, semantic web technologies, should be made as, tco, total cost of ownership}
}

@article{PatilL.DuttaD.andSriram2005,
    title = {{Ontology-Based Exchange of Product Data Semantics}},
    year = {2005},
    author = {Patil, L., Dutta, D. and Sriram, R.},
    number = {3},
    pages = {213--225},
    volume = {2}
}

@article{Lee2008,
    title = {{Ontology-based Multi-layered Knowledge Framework for Product Lifecycle Management}},
    year = {2008},
    journal = {Concurrent Engineering},
    author = {Lee, Jae-Hyun and Suh, H. W.},
    number = {4},
    pages = {301--311},
    volume = {16},
    url = {http://cer.sagepub.com/cgi/doi/10.1177/1063293X08100030 http://cer.sagepub.com/cgi/content/abstract/16/4/301},
    isbn = {1063-293X},
    doi = {10.1177/1063293X08100030},
    issn = {1063293X},
    keywords = {knowledge framework, knowledge management system, ontology, product lifecycle management}
}

@article{Guerrero,
    title = {{Ontology-based Policy Refinement Using SWRL Rules for Management Information Definitions in OWL}},
    author = {Guerrero, Antonio and Villagr{\'{a}}, V√≠ctor A and Vergara, Jorge E L√≥pez De and S{\'{a}}nchez-maci{\'{a}}n, Alfonso and Berrocal, Julio},
    number = {Ll}
}

@article{Tursi2007,
    title = {{Ontology-based products information interoperability in networked manufacturing enterprises}},
    year = {2007},
    journal = {IFAC Proceedings Volumes (IFAC-PapersOnline)},
    author = {Tursi, a. and Panetto, H. and Morel, G. and Dassisti, M.},
    number = {PART 1},
    pages = {85--93},
    volume = {1},
    isbn = {9783902661326},
    doi = {10.1016/j.arcontrol.2009.05.003},
    issn = {14746670},
    keywords = {Enterprise integration and networking, Interoperability, Ontology, Product data management}
}

@article{Jiang2013,
    title = {{Ontology-based semantic retrieval for risk management of construction project}},
    year = {2013},
    journal = {Journal of Networks},
    author = {Jiang, Shaohua and Zhang, Jian and Zhang, Haiyan},
    number = {5},
    pages = {1212--1220},
    volume = {8},
    doi = {10.4304/jnw.8.5.1212-1220},
    issn = {17962056},
    keywords = {Construction project, Document processing, Query expansion, Risk domain ontology, Semantic retrieval}
}

@article{Tartir2005,
    title = {{OntoQA: Metric-Based Ontology Quality Analysis}},
    year = {2005},
    journal = {IEEE Workshop on Knowledge Acquisition from Distributed, Autonomous, Semantically Heterogeneous Data and Knowledge Sources},
    author = {Tartir, S. and Arpinar, I. and Moore, M. and Sheth, A. and Aleman-Meza, B.},
    pages = {45--53},
    isbn = {097389184X},
    doi = {10.1.1.131.2087},
    pmid = {12},
    keywords = {OntoQA, Ontology, Quality, RDF, RDF-, Semantic Web}
}

@article{Barbau2012,
    title = {{OntoSTEP: Enriching product model data using ontologies}},
    year = {2012},
    journal = {CAD Computer Aided Design},
    author = {Barbau, Raphael and Krima, Sylvere and Rachuri, Sudarsan and Narayanan, Anantha and Fiorentini, Xenia and Foufou, Sebti and Sriram, Ram D.},
    number = {6},
    pages = {575--590},
    volume = {44},
    publisher = {Elsevier Ltd},
    url = {http://dx.doi.org/10.1016/j.cad.2012.01.008},
    isbn = {0010-4485},
    doi = {10.1016/j.cad.2012.01.008},
    issn = {00104485},
    keywords = {Automated model transcription, EXPRESS, Meta-model, OWL, Product lifecycle information, Product modeling, STEP, Semantic}
}

@article{Guerson2015,
    title = {{OntoUML Lightweight Editor: A Model-Based Environment to Build, Evaluate and Implement Reference Ontologies}},
    year = {2015},
    journal = {2015 IEEE 19th International Enterprise Distributed Object Computing Workshop},
    author = {Guerson, John and Sales, Tiago Prince and Guizzardi, Giancarlo and Almeida, Joao Paulo A.},
    pages = {144--147},
    url = {http://ieeexplore.ieee.org/lpdocs/epic03/wrapper.htm?arnumber=7310684},
    isbn = {978-1-4673-9331-7},
    doi = {10.1109/EDOCW.2015.17},
    keywords = {ontology-driven conceptual modeling, ontouml}
}

@article{Poveda-Villalon2009a,
    title = {{OOPS! (OntOlogy Pitfall Scanner!): supporting ontology evaluation on-line}},
    year = {2014},
    journal = {International Journal on Semantic Web {\&} Information Systems},
    author = {Poveda-Villal{\'{o}}n, Mar√≠a and Su{\'{a}}rez-Figueroa, Mari Carmen and {\'{A}}ngel Garc{\'{i}}a-Delgado, Miguel and G{\'{o}}mez-P{\'{e}}rez, Asunci√≥n},
    number = {2},
    pages = {7 - 34},
    volume = {10},
    doi = {http://dx.doi.org/10.4018/ijswis.2014040102},
    issn = {1552-6283, 1552-6283},
    keywords = {common pitfalls, knowledge representation, ontology, ontology evaluation}
}

@article{Santos20171358,
    title = {{Opportunities Assessment of Product Development Process in Industry 4.0}},
    year = {2017},
    journal = {Procedia Manufacturing},
    author = {Santos, K and Loures, E and Piechnicki, F and Canciglieri, O},
    pages = {1358--1365},
    volume = {11},
    url = {https://www.scopus.com/inward/record.uri?eid=2-s2.0-85029877217&doi=10.1016%2Fj.promfg.2017.07.265&partnerID=40&md5=6ef399b9e52cfe7c2d7feab520b8b5d9},
    doi = {10.1016/j.promfg.2017.07.265}
}

@article{mcguinness2004owl,
    title = {{OWL web ontology language overview}},
    year = {2004},
    journal = {W3C recommendation},
    author = {McGuinness, Deborah L and Van Harmelen, Frank and {others}},
    number = {10},
    pages = {2004},
    volume = {10}
}

@article{Liao20173609,
    title = {{Past, present and future of Industry 4.0 - a systematic literature review and research agenda proposal}},
    year = {2017},
    journal = {International Journal of Production Research},
    author = {Liao, Y and Deschamps, F and Loures, E F R and Ramos, L F P},
    number = {12},
    pages = {3609--3629},
    volume = {55},
    url = {https://www.scopus.com/inward/record.uri?eid=2-s2.0-85018651607&doi=10.1080%2F00207543.2017.1308576&partnerID=40&md5=489147eaaf8b15889b45cc25ff2a8e30},
    doi = {10.1080/00207543.2017.1308576}
}

@article{glover2013play,
    title = {{Play as you learn: gamification as a technique for motivating learners}},
    year = {2013},
    author = {Glover, Ian},
    publisher = {AACE}
}

@article{Report1996,
    title = {{Possible Recipe Procedure Presentation Formats}},
    year = {1996},
    journal = {Practice},
    author = {Report, Technical},
    number = {December 1996},
    isbn = {1556176228}
}

@inproceedings{Riz20161019,
    title = {{Process mining to knowledge discovery in healthcare processes}},
    year = {2016},
    booktitle = {Advances in Transdisciplinary Engineering},
    author = {Riz, G and Santos, E A P and Loures, E.D.F.R.},
    pages = {1019--1028},
    volume = {4},
    url = {https://www.scopus.com/inward/record.uri?eid=2-s2.0-84993158594&doi=10.3233%2F978-1-61499-703-0-1019&partnerID=40&md5=bd09927da0338acc40236b3d83138320},
    doi = {10.3233/978-1-61499-703-0-1019}
}

@article{Felic2014,
    title = {{Process-Oriented Semantic Knowledge Management in Product Lifecycle Management}},
    year = {2014},
    journal = {Procedia CIRP},
    author = {Felic, Artur and K{\"{o}}nig-ries, Birgitta and Klein, Michael},
    number = {C},
    pages = {361--368},
    volume = {25},
    publisher = {Elsevier B.V.},
    url = {http://dx.doi.org/10.1016/j.procir.2014.10.050},
    doi = {10.1016/j.procir.2014.10.050},
    issn = {22128271},
    keywords = {Knowledge management, Product Lifecycle Management, Semantic web technologies, knowledge management, product lifecycle management, semantic web technologies}
}

@article{Yang2009,
    title = {{Product configuration knowledge modeling using ontology web language}},
    year = {2009},
    journal = {Expert Systems with Applications},
    author = {Yang, Dong and Miao, Rui and Wu, Hongwei and Zhou, Yiting},
    number = {3 PART 1},
    month = {4},
    pages = {4399--4411},
    volume = {36},
    publisher = {Elsevier Ltd},
    url = {https://www.researchgate.net/publication/223498822_Product_configuration_knowledge_modeling_using_ontology_web_language http://dx.doi.org/10.1016/j.eswa.2008.05.026},
    isbn = {0957-4174},
    doi = {10.1016/j.eswa.2008.05.026},
    issn = {09574174},
    keywords = {Knowledge representation, OWL, Ontology, Product configuration}
}

@book{Chang2014,
    title = {{Product Data Management}},
    year = {2014},
    booktitle = {Product Design Modeling Using CAD/CAE},
    author = {Chang, Kuang-Hua},
    pages = {265--321},
    url = {http://linkinghub.elsevier.com/retrieve/pii/B9780123985132000063},
    isbn = {9780123985132},
    doi = {10.1016/B978-0-12-398513-2.00006-3}
}

@article{Li2011,
    title = {{Product data model for PLM system}},
    year = {2011},
    journal = {The International Journal of Advanced Manufacturing Technology},
    author = {Li, Yumei and Wan, Li and Xiong, Tifan},
    number = {9-12},
    pages = {1149--1158},
    volume = {55},
    url = {http://www.ijcc.org/ojs/index.php/ijcc/article/viewFile/163/124},
    isbn = {0268-3768},
    doi = {10.1007/s00170-010-3130-4},
    issn = {0268-3768},
    keywords = {Li Yumei, Wan Li, Xiong Tifan, data mapping, data model, data traceability, domain, plm}
}

@article{Chhim2017,
    title = {{Product design and manufacturing process based ontology for manufacturing knowledge reuse}},
    year = {2017},
    journal = {Journal of Intelligent Manufacturing},
    author = {Chhim, Peter and Chinnam, Ratna Babu and Sadawi, Noureddin},
    pages = {1--12},
    publisher = {Springer US},
    doi = {10.1007/s10845-016-1290-2},
    issn = {15728145},
    keywords = {APQP, Knowledge management, Manufacturing ontology, SPARQL, Semantic web}
}

@article{Nanda2007,
    title = {{Product family design knowledge representation, aggregation, reuse, and analysis}},
    year = {2007},
    journal = {Ai Edam},
    author = {Nanda, Jyotirmaya and Thevenot, Henri J. and Simpson, Timothy W. and Stone, Robert B. and Bohm, Matt and Shooter, Steven B.},
    number = {02},
    pages = {173--192},
    volume = {21},
    isbn = {0780390938},
    doi = {10.1017/S0890060407070217},
    issn = {0890-0604},
    keywords = {Design Repository, Information Management, Ontology, Product Family}
}

@inproceedings{Nanda2005,
    title = {{Product family design knowledge representation, integration, and reuse}},
    shorttitle = {IRI -2005 IEEE International Conference on Informa},
    year = {2005},
    booktitle = {IRI -2005 IEEE International Conference on Information Reuse and Integration, Conf, 2005.},
    author = {Nanda, J. and Thevenot, H. J. and Simpson, T. W.},
    pages = {32--37},
    publisher = {IEEE},
    url = {http://ieeexplore.ieee.org/lpdocs/epic03/wrapper.htm?arnumber=1506445},
    isbn = {0-7803-9093-8},
    doi = {10.1109/IRI-05.2005.1506445},
    keywords = {Aggregates, Bills of materials, Data structures, Knowledge management, Knowledge representation, Management information systems, OWL, Product design, Refining, Software systems, Web ontology language, bills of materials, component design, design information management, formal concept analysis, formal specification, information management, knowledge integration, knowledge management, knowledge management system, knowledge representation, knowledge reuse, network bill of material, one-time-use cameras, ontologies (artificial intelligence), product design, product family design}
}

@article{Fenves2005a,
    title = {{Product Information Exchange: Practices and Standards}},
    year = {2005},
    journal = {Journal of Computing and Information Science in Engineering},
    author = {Fenves, Steven J. and Sriram, Ram D. and Subrahmanian, Eswaran and Rachuri, Sudarsan},
    number = {3},
    pages = {238},
    volume = {5},
    url = {http://fluidsengineering.asmedigitalcollection.asme.org/article.aspx?articleid=1400282},
    isbn = {1530-9827},
    doi = {10.1115/1.2033008},
    issn = {15309827}
}

@article{Terzi2010,
    title = {{Product lifecycle management - from its history to its new role}},
    year = {2010},
    journal = {International Journal of Product Lifecycle Management},
    author = {Terzi, Sergio and Bouras, Abdelaziz and Dutta, Debashi and Garetti, Marco and Kiritsis, Dimitris},
    number = {4},
    pages = {360--389},
    volume = {4},
    url = {http://inderscience.metapress.com/content/f5616744226710v2/%5Cnhttp://www.inderscience.com/link.php?id=36489},
    isbn = {1743-5110},
    doi = {10.1504/IJPLM.2010.036489},
    issn = {1743-5110}
}

@article{Lyu2017b,
    title = {{Product modeling from knowledge, distributed computing and lifecycle perspectives: A literature review}},
    year = {2017},
    journal = {Computers in Industry},
    author = {Lyu, Guolin and Chu, Xuening and Xue, Deyi},
    pages = {1--13},
    volume = {84},
    publisher = {Elsevier B.V.},
    url = {http://linkinghub.elsevier.com/retrieve/pii/S016636151630241X http://dx.doi.org/10.1016/j.compind.2016.11.001},
    doi = {10.1016/j.compind.2016.11.001},
    issn = {01663615},
    keywords = {Computer Aided Design (CAD), Distributed computing, Product knowledge, Product lifecycle, Product modeling, cad, computer aided design}
}

@article{Gimenez2006b,
    title = {{PRoduct ONTOlogy. Defining product-related concepts for production planning activities}},
    year = {2006},
    journal = {Computer Aided Chemical Engineering},
    author = {Gim{\'{e}}nez, Diego and Vegetti, Marcela and Henning, Gabriela and Leone, Horacio},
    number = {C},
    pages = {2219--2224},
    volume = {21},
    isbn = {1570-7946},
    doi = {10.1016/S1570-7946(06)80378-0},
    issn = {15707946},
    keywords = {ontology, produc model, production planning activities}
}

@inproceedings{Vegetti2005,
    title = {{Product ontology: definition of an ontology for the complex product modelling domain}},
    year = {2005},
    booktitle = {2nd Mercosur Congress on Chemical Engineering 4th Mercosur Congress on Process Systems Engineering},
    author = {Vegetti, Marcela and Henning, Gabriela P. and Leone, Horacio P.},
    number = {September 2015},
    pages = {1--10},
    url = {http://www.enpromer2005.eq.ufrj.br/nukleo/pdfs/1016_productontology.pdf},
    keywords = {Ontology, Product Model, Semantic Web}
}

@article{Cutting-Decelle2012a,
    title = {{Production information interoperability over the Internet: A standardised data acquisition tool developed for industrial enterprises}},
    year = {2012},
    journal = {Computers in Industry},
    author = {Cutting-Decelle, A. F. and Barraud, J. L. and Veenendaal, B. and Young, R. I. M.},
    number = {8},
    pages = {824--834},
    volume = {63},
    publisher = {Elsevier B.V.},
    url = {http://dx.doi.org/10.1016/j.compind.2012.08.010},
    doi = {10.1016/j.compind.2012.08.010},
    issn = {01663615},
    keywords = {Industrial data, Interoperability, Production information model, Standards, Sustainability}
}

@inproceedings{Tursi2007a,
    title = {{Products information interoperability in manufacturing systems}},
    year = {2007},
    booktitle = {Ottavo Convegno AITeM (Associazione Italiana Tecnologia Meccanica)},
    author = {Tursi, Angela and Dassisti, Michele and Panetto, Herv√©},
    pages = {10},
    url = {http://hal.archives-ouvertes.fr/hal-00168536/},
    keywords = {interoperability, ontology, product data management, traceability}
}

@incollection{Hutchison2006b,
    title = {{PROMOD A Modeling Tool for Product Ontology}},
    year = {2006},
    booktitle = {Data Engineering Issues in E-Commerce and Services},
    author = {Kim, Kyunghwa and Tark, Moonhee and Lee, Hyunja and Shim, Junho and Lee, Junsoo and Lee, Seungjin},
    pages = {278--287},
    publisher = {Springer},
    url = {http://link.springer.com/10.1007/11780397_23},
    isbn = {3540354409},
    doi = {10.1007/11780397{\_}23},
    issn = {16113349},
    pmid = {4520227},
    arxivId = {9780201398298}
}

@article{Abels2006,
    title = {{PROMONT ‚Äì A Project Management Ontology as a Reference for Virtual Project Organizations}},
    year = {2006},
    journal = {OTM Workshops 2006},
    author = {Abels, Sven and Ahlemann, Frederik and Hahn, Axel and Hausmann, Kevin and Strickmann, Jan},
    pages = {1--11},
    url = {papers2://publication/uuid/D7F01A4D-73C5-4848-BD4E-802F064E4AA0},
    isbn = {9783540482697},
    doi = {10.1007/11915034{\_}105},
    issn = {16113349}
}

@article{Vegetti2011,
    title = {{PRONTO: An ontology for comprehensive and consistent representation of product information}},
    year = {2011},
    journal = {Engineering Applications of Artificial Intelligence},
    author = {Vegetti, Marcela and Leone, Horacio and Henning, Gabriela},
    number = {8},
    month = {12},
    pages = {1305--1327},
    volume = {24},
    publisher = {Elsevier},
    url = {http://dx.doi.org/10.1016/j.engappai.2011.02.014 http://www.sciencedirect.com/science/article/pii/S0952197611000388},
    isbn = {0952-1976},
    doi = {10.1016/j.engappai.2011.02.014},
    issn = {09521976},
    keywords = {ConceptBase, Domain ontology, Heavyweight ontologies, Product family, Product model, Product structure, Product variant}
}

@article{Szejka2016158,
    title = {{Proposal of a model-driven ontology for product development process interoperability and information sharing}},
    year = {2016},
    journal = {IFIP Advances in Information and Communication Technology},
    author = {Szejka, A L and J{\'{u}}nior, O C and Loures, E R and Panetto, H and Aubry, A},
    pages = {158--168},
    volume = {492},
    url = {https://www.scopus.com/inward/record.uri?eid=2-s2.0-84994046500&doi=10.1007%2F978-3-319-54660-5_15&partnerID=40&md5=9947152b3b690be8ba7bc6f2c7606027},
    doi = {10.1007/978-3-319-54660-5{\_}15}
}

@article{Shapiro2000,
    title = {{Propositional , First-Order And Higher-Order Logics : Basic Definitions , Rules of Inference , and Examples ‚àó Requirements to Define a Logic}},
    year = {2000},
    journal = {New York},
    author = {Shapiro, Stuart C and Hall, Bell},
    pages = {1--14}
}

@article{Krotzsch2006,
    title = {{Ranking Ontologies with AKTiveRank}},
    year = {2006},
    journal = {The Semantic Web - ISWC 2006},
    author = {Alani, Harith and Brewster, Christopher and Shadbolt, Nigel},
    number = {February},
    pages = {935 - 942},
    volume = {4273},
    url = {http://link.springer.com/10.1007/11926078 http://www.springerlink.com/index/10.1007/11926078},
    isbn = {978-3-540-49029-6},
    doi = {10.1007/11926078},
    issn = {13541013},
    pmid = {16421194}
}

@article{azuma2001recent,
    title = {{Recent advances in augmented reality}},
    year = {2001},
    journal = {IEEE computer graphics and applications},
    author = {Azuma, Ronald and Baillot, Yohan and Behringer, Reinhold and Feiner, Steven and Julier, Simon and MacIntyre, Blair},
    number = {6},
    pages = {34--47},
    volume = {21},
    publisher = {IEEE}
}

@article{NeilUrwin2014,
    title = {{Reference Ontologies for Global Production Networks}},
    year = {2014},
    journal = {Proceedings of the International Conference on Knowledge Management and Information Sharing},
    author = {Urwin, E. N. and Palmer, C. and Cutting-Decelle, A. F. and Cid, F. S. and Pinazo-S{\'{a}}nchez, J. M. and Pajkovska-Goceva, S. and Young, R. I. M.},
    pages = {133--139},
    url = {http://www.scitepress.org/DigitalLibrary/Link.aspx?doi=10.5220/0005026001330139 http://www.scopus.com/inward/record.url?eid=2-s2.0-84945217271&partnerID=tZOtx3y1%5Cnhttp://www.tandfonline.com/doi/full/10.1080/00207543.2015.1087654},
    isbn = {978-989-758-050-5},
    doi = {10.5220/0005026001330139},
    issn = {0020-7543},
    keywords = {Global Production Network., Information and communication technologies (ICTs), Interoperability, Ontology, Standards, assembly systems, formal ontologies, interoperability, manufacturing bill of materials (MBOM)}
}

@article{Imran2015,
    title = {{Reference ontologies for interoperability across multiple assembly systems}},
    year = {2015},
    journal = {International Journal of Production Research},
    author = {Imran, Muhammad and Young, R. I. M.},
    number = {August},
    pages = {1--23},
    volume = {7543},
    url = {http://www.scopus.com/inward/record.url?eid=2-s2.0-84945217271&partnerID=tZOtx3y1%5Cnhttp://www.tandfonline.com/doi/full/10.1080/00207543.2015.1087654},
    doi = {10.1080/00207543.2015.1087654},
    issn = {0020-7543},
    keywords = {Information and communication technologies (ICTs), assembly systems, formal ontologies, interoperability, manufacturing bill of materials (MBOM)}
}

@article{Palmer2016,
    title = {{Reference ontologies to support the development of global production network systems}},
    year = {2016},
    journal = {Computers in Industry},
    author = {Palmer, C. and Urwin, E. N. and Pinazo-S{\'{a}}nchez, J. M. and Cid, F. S. and Rodr{\'{i}}guez, E. P. and Pajkovska-Goceva, S. and Young, R. I. M.},
    pages = {48--60},
    volume = {77},
    isbn = {0166-3615},
    doi = {10.1016/j.compind.2015.11.002},
    issn = {01663615},
    keywords = {Global production networks, Interoperability, Product lifecycle management, Product service systems, Reference ontologies}
}

@article{Delugach2009,
    title = {{Representing metadata constraints in Common Logic}},
    year = {2009},
    journal = {International Journal of Metadata, Semantics and Ontologies},
    author = {Delugach, Harry S.},
    number = {4},
    pages = {277--286},
    volume = {4},
    url = {http://www.inderscience.com/link.php?id=29231},
    doi = {10.1504/IJMSO.2009.029231},
    issn = {1744-2621},
    keywords = {2009, 4, Common Logic, common logic, constraints, delugach, follows, h, int, j, logic, metadata, metadata constraints in common, reference to this paper, representing, s, semantics and ontology, should be made as, standards, vol}
}

@inproceedings{Szejka2015,
    title = {{Requirements interoperability method to support integrated product development}},
    year = {2015},
    booktitle = {Proceedings - CIE 45: 2015 International Conference on Computers and Industrial Engineering},
    author = {Szejka, A.L. L and Canciglieri O., Jr. and Loures, E.R. R and Panetto, H. and Aubry, A. and Canciglieri, O. and Loures, E.R. R and Panetto, H. and Aubry, A.},
    url = {https://www.scopus.com/inward/record.uri?eid=2-s2.0-84963692219&partnerID=40&md5=11f80a54c148c209e182fe76f9c51b5f},
    keywords = {Formal models, Integrated product development engineering, Interoperability, Product requirements, Requirements analysis}
}

@article{Technology2006,
    title = {{Research on OWL- based process model trasformation for interoperability}},
    year = {2006},
    journal = {2006 International Technology and Innovation Conference (ITIC 2006)},
    author = {Ma, Z. and Wang, G. and Ren, B. and Wang, J.},
    pages = {1546--1552},
    issn = {0537-9989},
    keywords = {Interoperability, OWL, interoperability, meta-model, model transformati, model transformation, ontology mapping, owl}
}

@article{Zhou2011,
    title = {{Research on Web Semantic Information Retrieval Technology Based on Ontology}},
    year = {2011},
    journal = {Knowledge Engineering and Management},
    author = {Zhou, Hong and Liu, Jun},
    pages = {227--234},
    volume = {123},
    keywords = {class label, ontology, primitive, semantic retrieval}
}

@article{Zhou2011a,
    title = {{Research on Web Semantic Information Retrieval Technology Based on Ontology * Clustering Search Technology Based on Ontology}},
    year = {2011},
    author = {Zhou, Hong and Liu, Jun},
    pages = {227--234},
    keywords = {class label, ontology, primitive, semantic retrieval}
}

@article{Da,
    title = {{Resource Allocation in MIMO-OFDMA Wireless Systems Based on Linearly Precoded Orthogonal Space-Time Block Codes}},
    author = {Da, Borja},
    keywords = {coding, lagrange dual methods, linear pre-, mimo, ofdma, resource allocation, stbc}
}

@inproceedings{danobeitia2009resource,
    title = {{Resource Allocation in MIMO-OFDMA Wireless Systems Based on Linearly Precoded Orthogonal Space-Time Block Codes.}},
    year = {2009},
    booktitle = {EUNICE},
    author = {Da{\~{n}}obeitia, Borja and Femenias, Guillem and Riera-Palou, Felip and Danobeitia, Borja and Femenias, Guillem and Riera-Palou, Felip},
    number = {February},
    pages = {118--127},
    url = {http://www.springerlink.com/content/e184942jk3526338 http://www.springerlink.com/content/e184942jk3526338/},
    organization = {Springer},
    isbn = {978-3-642-03699-6},
    doi = {10.1007/978-3-642-03700-9},
    issn = {03029743},
    keywords = {coding, lagrange dual methods, linear pre, mimo, ofdma, resource allocation, stbc}
}

@article{Proceedings2002,
    title = {{Security Vulnerabilities in Event-Driven Systems}},
    year = {2002},
    journal = {Security},
    author = {Proceedings, In and Press, Kluwer Academic},
    pages = {147--160},
    isbn = {1402070306}
}

@article{Liao201524,
    title = {{Semantic annotation for knowledge explicitation in a product lifecycle management context: A survey}},
    year = {2015},
    journal = {Computers in Industry},
    author = {Liao, Y and Lezoche, M and Panetto, H and Boudjlida, N and Loures, E R},
    pages = {24--34},
    volume = {71},
    url = {https://www.scopus.com/inward/record.uri?eid=2-s2.0-84929078854&doi=10.1016%2Fj.compind.2015.03.005&partnerID=40&md5=9e46955d5be2c6c071d3274ddc0a70f4},
    doi = {10.1016/j.compind.2015.03.005}
}

@article{Noy2004a,
    title = {{Semantic integration: a survey of ontology-based approaches}},
    year = {2004},
    journal = {SIGMOD Rec.},
    author = {Noy, Natalya},
    number = {4},
    pages = {65--70},
    volume = {33},
    url = {citeulike-article-id:86456%5Cnhttp://dx.doi.org/10.1145/1041410.1041421},
    isbn = {978-0-7695-3102-1},
    doi = {doi: 10.1145/1041410.1041421},
    issn = {0163-5808},
    pmid = {19941088},
    keywords = {database, ontologies, research, semantics}
}

@article{Szejka2017,
    title = {{Semantic interoperability for an integrated product development process: A systematic literature review}},
    year = {2017},
    journal = {International Journal of Production Research},
    author = {Szejka, Anderson Luis and Canciglieri, Osiris and Panetto, Herv√© and Loures, Eduardo Rocha and Aubry, Alexis},
    number = {22},
    pages = {6691--6709},
    volume = {55},
    publisher = {Taylor {\&} Francis},
    url = {https://doi.org/10.1080/00207543.2017.1346314},
    doi = {10.1080/00207543.2017.1346314},
    issn = {1366588X},
    keywords = {bibliography survey, interoperability, multiple domains, product design and manufacturing, product development process, product requirements}
}

@article{JonAtleGulla,
    title = {{Semantic Interoperability in the Norwegian Petroleum Industry}},
    year = {2006},
    journal = {Proceedings of the 5th International Conference on Information Systems Technology and its Applications (ISTA 2006)},
    author = {Gulla, Jon Atle and Tomassen, Stein L and Strasunskas, Darijus},
    number = {7491},
    pages = {81--94},
    url = {http://citeseerx.ist.psu.edu/viewdoc/summary?doi=10.1.1.99.7930},
    doi = {10.1.1.99.7930}
}

@article{Gomes2017847,
    title = {{Semantic interoperability: A systematic research towards its requirements}},
    year = {2017},
    journal = {Advances in Intelligent Systems and Computing},
    author = {Gomes, P F O and Loures, E F R and Santos, E A P},
    pages = {847--857},
    volume = {570},
    url = {https://www.scopus.com/inward/record.uri?eid=2-s2.0-85018617943&doi=10.1007%2F978-3-319-56538-5_85&partnerID=40&md5=1666c9009ce4dbdc10dc583b2666c14e},
    doi = {10.1007/978-3-319-56538-5{\_}85}
}

@article{Bruno2015,
    title = {{Semantic organization of product lifecycle information through a modular ontology}},
    year = {2015},
    journal = {International Journal of Circuits, Systems and Signal Processing},
    author = {Bruno, Giulia},
    pages = {16--26},
    volume = {9},
    issn = {19984464},
    keywords = {Information retrieval, Knowledge modeling, Manufacturing systems, Semantic model}
}

@book{Breitman2007a,
    title = {{Semantic Web: Concepts, Technologies and Applications}},
    year = {2007},
    author = {Breitman, Karin and Casanova, Marco Antonio and Truszkowski, Walt},
    pages = {1--328},
    isbn = {9781846287107}
}

@book{book:1072480,
    title = {{Semantics of Natural Language}},
    year = {1973},
    author = {Charles J. Fillmore (auth.) Donald Davidson, Gilbert Harman (eds.)},
    edition = {2},
    series = {Synthese Library 40},
    publisher = {Springer Netherlands},
    url = {http://gen.lib.rus.ec/book/index.php?md5=d91019e6c20a253093efd86d87c8311c},
    isbn = {978-90-277-0310-1,978-94-010-2557-7}
}

@article{Schenk2009a,
    title = {{SemaPlorer‚ÄîInteractive Semantic Exploration of Data and Media based on a Federated Cloud Infrastructure}},
    year = {2009},
    journal = {World Wide Web Internet And Web Information Systems},
    author = {Schenk, Simon and Saathoff, Carsten and Baumesberger, Anton and Jochum, Frederik and Kleinen, Alexander and Staab, Steffen and Scherp, Ansgar},
    pages = {298--304},
    volume = {7},
    url = {http://www.sciencedirect.com/science/article/pii/S1570826809000481},
    doi = {10.1016/j.websem.2009.09.006},
    keywords = {heterogeneous semantic data, real-time exploration and visualization}
}

@inproceedings{Fraga2017,
    title = {{Semi-Automated Ontology Generation Process from Industrial Product Data Standards}},
    year = {2017},
    booktitle = {46{\textordmasculine} Jornadas Argentinas de Inform{\'{a}}tica},
    author = {Fraga, Alvaro L and Vegetti, Marcela and Leone, Horacio}
}

@article{Carraretto2012,
    title = {{Separating ontological and informational concerns: Towards a two-level model-driven approach}},
    year = {2012},
    journal = {Proceedings of the 2012 IEEE 16th International Enterprise Distributed Object Computing Conference Workshops, EDOCW 2012},
    author = {Carraretto, Roberto and Almeida, J. Paulo A.},
    pages = {29--37},
    isbn = {9780769547862},
    doi = {10.1109/EDOCW.2012.14},
    keywords = {Information modeling, Ontology-driven conceptual modeling, Ontology-driven information systems design}
}

@article{Broekstra2002,
    title = {{Sesame: A Generic Architecture for Storing and Querying RDF and RDF Schema}},
    year = {2002},
    journal = {International Semantic Web Conference ISWC},
    author = {Broekstra, Jeen and Kampman, Arjohn and Harmelen, Frank Van},
    pages = {54--68},
    volume = {1},
    url = {http://link.springer.com/chapter/10.1007/3-540-48005-6_7},
    isbn = {0001047582},
    doi = {10.1007/3-540-48005-6{\_}7},
    issn = {10900586}
}

@book{kaufmann2008simulating,
    title = {{Simulating educational physical experiments in augmented reality}},
    year = {2008},
    author = {Kaufmann, Hannes and Meyer, Bernd},
    publisher = {ACM}
}

@book{Overview2014,
    title = {{Software Architecture Patterns}},
    year = {2014},
    booktitle = {Home healthcare nurse},
    author = {Overview, Resource},
    number = {5 Suppl},
    pages = {S56},
    volume = {32},
    url = {http://www.ncbi.nlm.nih.gov/pubmed/24798474},
    isbn = {9781558608351},
    doi = {10.1097/NHH.0000000000000071},
    issn = {1539-0713},
    pmid = {24798474}
}

@article{Wang2014a,
    title = {{Software as a Social Artifact: A Management and Evolution Perspective}},
    year = {2014},
    journal = {Conceptual Modeling -- ER 2014},
    author = {Wang, Xiaowei and Guarino, Nicola and Guizzardi, Giancarlo and Mylopoulos, John},
    pages = {321--334},
    volume = {8824},
    url = {http://link.springer.com/10.1007/978-3-319-12206-9},
    isbn = {978-3-319-12205-2},
    doi = {10.1007/978-3-319-12206-9},
    issn = {16113349},
    keywords = {artifact, ontology, software, software configuration management, software evolution, software requirements, software versioning}
}

@inproceedings{Onofri2012,
    title = {{SPARQL Injection attacking the triple store}},
    year = {2012},
    booktitle = {OWASP-Italy Day},
    author = {Onofri, Simone and Napolitano, Luca},
    number = {November},
    publisher = {The OWASP Foundation},
    url = {https://www.owasp.org/images/0/0f/Onofri-NapolitanoOWASPDayItaly2012.pdf},
    address = {Rome}
}

@article{clark2008sparql,
    title = {{SPARQL protocol for RDF}},
    year = {2008},
    journal = {World Wide Web Consortium (W3C) Recommendation},
    author = {Clark, Kendall Grant and Feigenbaum, Lee and Torres, Elias},
    volume = {86}
}

@techreport{citeulike:532412,
    title = {{SPARQL Query Language for RDF}},
    year = {2008},
    author = {Prud'hommeaux, Eric and Seaborne, Andy and {Eric Prud'hommeaux} and {Andy Seaborne}},
    pages = {1462},
    publisher = {Addison-Wesley},
    url = {https://www.w3.org/TR/rdf-sparql-query/ http://www.w3.org/TR/rdf-sparql-query/},
    howpublished = {W3C Working Draft},
    isbn = {0321185781},
    keywords = {query, rdf, semantic-web, thesis, w3c}
}

@article{seaborne2008sparql,
    title = {{SPARQL/Update: A language for updating RDF graphs}},
    year = {2008},
    journal = {W3c member submission},
    author = {Seaborne, Andy and Manjunath, Geetha and Bizer, Chris and Breslin, John and Das, Souripriya and Davis, Ian and Harris, Steve and Idehen, Kingsley and Corby, Olivier and Kjernsmo, Kjetil and {others}},
    volume = {15}
}

@article{University-wolfson2015,
    title = {{Standard semantic models to support the configuration of global production networks}},
    year = {2015},
    author = {University-wolfson, Loughborough University-wolfson Loughborough and Loughborough, U K and Cid, Francisco S and Pinazo-s{\'{a}}nchez, Jose M and Rodr{\'{i}}guez, Ester P and Pajkovska-goceva, Sonja and Young, Robert}
}

@article{Leukel2004,
    title = {{Standardization of product ontologies in B2B relationships‚Äìon the role of ISO 13584}},
    year = {2004},
    journal = {Proceedings of the Tenth Americas Conference on Information Systems},
    author = {Leukel, Joerg},
    number = {August},
    pages = {4084--4091},
    url = {http://citeseerx.ist.psu.edu/viewdoc/download?doi=10.1.1.61.9533&rep=rep1&type=pdf},
    keywords = {b2b, e-commerce, ontologies, standardization, xml}
}

@article{Scra-Step2006,
    title = {{STEP Application Handbook - ISO 10303 - Version 3}},
    year = {2006},
    author = {{Scra-Step}},
    number = {June},
    pages = {175},
    url = {http://www.engen.org.au/index_htm_files/STEP_application_hdbk_63006_BF.pdf}
}

@inproceedings{Szejka2016957,
    title = {{Structuring a foundation basis for semantic interoperability in product development process}},
    year = {2016},
    booktitle = {Advances in Transdisciplinary Engineering},
    author = {Szejka, A L and Leite, A.F.C.S.D.M. and Canciglieri, M B and Canciglieri O., Jr.},
    pages = {957--966},
    volume = {4},
    url = {https://www.scopus.com/inward/record.uri?eid=2-s2.0-84993947037&doi=10.3233%2F978-1-61499-703-0-957&partnerID=40&md5=eceb9e531609909b1519c7854a87cebd},
    doi = {10.3233/978-1-61499-703-0-957}
}

@article{Zeng2009,
    title = {{Study on construction of university course ontology: Content, method and process}},
    year = {2009},
    journal = {Proceedings - 2009 International Conference on Computational Intelligence and Software Engineering, CiSE 2009},
    author = {Zeng, Ling and Zhu, Tonglin and Ding, Xin},
    isbn = {9781424445073},
    doi = {10.1109/CISE.2009.5363158},
    keywords = {Course ontology, Method, Ontology content, Process, Tools}
}

@article{Ubaid2018,
    title = {{Sustainable systems integration by means of STEP-NC: Literature review}},
    year = {2018},
    journal = {2018 Advances in Science and Engineering Technology International Conferences, ASET 2018},
    author = {Ubaid, Alaa M. and Dweiri, Fikri T.},
    pages = {1--8},
    publisher = {IEEE},
    isbn = {9781538623992},
    doi = {10.1109/ICASET.2018.8376883},
    keywords = {CAD, CAM, CAPP, Data exchange, STEP-NC, Sustainability, systems' integration}
}

@book{Hornbeck,
    title = {{Systems Engineering}},
    author = {Hornbeck, J. a. and West, J. M.},
    url = {http://hdl.handle.net/2060/19630011271},
    isbn = {9781420072518}
}

@article{Giboin2011a,
    title = {{Taking "pragmatic dimensions" of ontologies into account}},
    year = {2011},
    journal = {Proceedings of the 7th International Conference on Semantic Systems - I-Semantics '11},
    author = {Giboin, Alain and Denis, Brigitte and Snoeck, C√©line},
    number = {January 2011},
    pages = {203},
    url = {http://dl.acm.org/citation.cfm?doid=2063518.2063550},
    isbn = {9781450306218},
    doi = {10.1145/2063518.2063550}
}

@article{Giboin2011,
    title = {{Taking "pragmatic dimensions" of ontologies into account: frameworks}},
    year = {2011},
    journal = {Proceedings of the 7th International Conference on Semantic Systems - I-Semantics '11},
    author = {Giboin, Alain and Denis, Brigitte and Snoeck, C√©line},
    number = {January 2011},
    pages = {203--210},
    url = {http://dl.acm.org/citation.cfm?id=2063550 http://dl.acm.org/citation.cfm?doid=2063518.2063550},
    isbn = {9781450306218},
    doi = {10.1145/2063518.2063550}
}

@article{Cimiano2005,
    title = {{Text2Onto: A Framework for Ontology Learning and Data-Driven Change Discovery}},
    year = {2005},
    journal = {Natural Language Processing and Information Systems},
    author = {Cimiano, Philipp and V{\"{o}}lker, Johanna},
    pages = {227--238},
    url = {http://dx.doi.org/10.1007/11428817_21},
    isbn = {978-3-540-26031-8},
    doi = {10.1007/11428817{\_}21},
    issn = {03029743}
}

@article{Dahab2008a,
    title = {{TextOntoEx: Automatic ontology construction from natural English text}},
    year = {2008},
    journal = {Expert Systems with Applications},
    author = {Dahab, Mohamed Yehia and Hassan, Hesham A. and Rafea, Ahmed},
    number = {2},
    pages = {1474--1480},
    volume = {34},
    isbn = {0957-4174},
    doi = {10.1016/j.eswa.2007.01.043},
    issn = {09574174},
    keywords = {Ontology, Ontology acquisition, Semantic patterns}
}

@article{Szejka20171375,
    title = {{The Application of Reference Ontologies for Semantic Interoperability in an Integrated Product Development Process in Smart Factories}},
    year = {2017},
    journal = {Procedia Manufacturing},
    author = {Szejka, Anderson Luis and Junior, Osiris Canciglieri},
    number = {June},
    pages = {1375--1384},
    volume = {11},
    publisher = {The Author(s)},
    url = {https://www.scopus.com/inward/record.uri?eid=2-s2.0-85029846499&doi=10.1016%2Fj.promfg.2017.07.267&partnerID=40&md5=41c70a45bee1af1660e3a12aa2717fa4 http://dx.doi.org/10.1016/j.promfg.2017.07.267},
    doi = {10.1016/j.promfg.2017.07.267},
    issn = {23519789},
    keywords = {Decision-Making support, Integrated Product Development Process, Multiple Domains, Ontology, Semantic Interoperability, Smart Factories}
}

@article{Zdravkovic2017225,
    title = {{The challenges of model-based systems engineering for the next generation enterprise information systems}},
    year = {2017},
    journal = {Information Systems and e-Business Management},
    author = {Zdravkovi{\'{c}}, Milan and Panetto, Herv√©},
    number = {2},
    pages = {225--227},
    volume = {15},
    url = {https://www.scopus.com/inward/record.uri?eid=2-s2.0-85026876668&doi=10.1007%2Fs10257-017-0353-z&partnerID=40&md5=54c00e3385d436e71c7cfe7cda522e4b},
    doi = {10.1007/s10257-017-0353-z},
    issn = {16179854}
}

@article{Goncalves1999,
    title = {{The EAPPM initiative}},
    year = {1999},
    author = {Gon{\c{c}}alves, Ricardo J and Scherer, Raimar J},
    number = {April}
}

@article{USCHOLD1998,
    title = {{The Enterprise Ontology}},
    year = {1998},
    journal = {The Knowledge Engineering Review},
    author = {USCHOLD, MIKE and KING, MARTIN and MORALEE, STUART and ZORGIOS, YANNIS},
    number = {1},
    month = {3},
    pages = {31--89},
    volume = {13},
    publisher = {Cambridge University Press},
    url = {http://dl.acm.org/citation.cfm?id=976223.976226},
    doi = {10.1017/S0269888998001088},
    issn = {02698889}
}

@book{R.Harik2007,
    title = {{The Future of Product Development}},
    year = {2007},
    booktitle = {the 17th CIRP Design Conference},
    author = {{R. Harik} and Capponi, V. and Derigent, W.},
    number = {2},
    pages = {690},
    url = {http://www.ncbi.nlm.nih.gov/pubmed/15003161%5Cnhttp://cid.oxfordjournals.org/lookup/doi/10.1093/cid/cir991%5Cnhttp://www.scielo.cl/pdf/udecada/v15n26/art06.pdf%5Cnhttp://www.scopus.com/inward/record.url?eid=2-s2.0-84861150233&partnerID=tZOtx3y1},
    isbn = {9780874216561},
    doi = {10.1007/s13398-014-0173-7.2},
    issn = {0717-6163},
    pmid = {15003161},
    arxivId = {arXiv:gr-qc/9809069v1},
    archivePrefix = {arXiv},
    eprint = {9809069v1},
    primaryClass = {gr-qc}
}

@article{Laboratories1995,
    title = {{The Information Manifold}},
    year = {1995},
    journal = {Database},
    author = {Laboratories, T. Bell and Kirk, Thomas and Levy, Alon Y. and Sagiv, Yehoshua and Srivastava, Divesh},
    number = {September},
    pages = {85--91},
    volume = {7}
}

@article{Danobeitia2009,
    title = {{The Internet of the Future}},
    year = {2009},
    journal = {The Internet of the Future},
    author = {Da{\~{n}}obeitia, Borja and Femenias, G. and Riera-Palou, F.},
    number = {February},
    pages = {118--127},
    volume = {5733},
    url = {http://www.springerlink.com/content/e184942jk3526338},
    isbn = {978-3-642-03699-6},
    doi = {10.1007/978-3-642-03700-9},
    issn = {03029743}
}

@article{haase2008neon,
    title = {{The neon ontology engineering toolkit}},
    year = {2008},
    journal = {WWW},
    author = {Haase, Peter and Lewen, Holger and Studer, Rudi and Tran, Duc Thanh and Erdmann, Michael and d‚ÄôAquin, Mathieu and Motta, Enrico}
}

@article{Baysal2004a,
    title = {{The Open Assembly Model for the Exchange of Assembly and Tolerance Information: Overview and Example}},
    year = {2004},
    journal = {Volume 4: 24th Computers and Information in Engineering Conference},
    author = {Baysal, M. M. and Roy, U. and Sudarsan, R. and Sriram, R. D. and Lyons, K. W.},
    pages = {759--770},
    volume = {2004},
    url = {http://proceedings.asmedigitalcollection.asme.org/proceeding.aspx?articleid=1651658%5Cnhttp://www.scopus.com/inward/record.url?eid=2-s2.0-14044261094&partnerID=40&md5=14171879f6985ffeec0ed01be6e16242%5CnD:%5CMyDocs%5CARTICLES%5CPhD_Relevant_Articles%5CThe},
    isbn = {0-7918-4697-0},
    doi = {10.1115/DETC2004-57727},
    issn = {0-7918-4697-0},
    keywords = {Assembly, Computer aided design, Concurrent engineering, Core product model (CPM), Data structures, Database systems, Gearbox, Kinematics, Life cycle, Mathematical models, Open assembly model (OEM), Product development, Product life cycle management (PLM)}
}

@article{saidinpotential,
    title = {{THE POTENTIAL OF AUGMENTED REALITY TECHNOLOGY IN EDUCATION: A REVIEW OF PREVIOUS RESEARCH}},
    author = {Saidin, Nor Farhah and Halim, Noor Dayana Abd and Yahaya, Noraffandy}
}

@article{Noel2008,
    title = {{The PPO design model with respect to digital enterprise technologies among product life cycle}},
    year = {2008},
    journal = {International Journal of Computer Integrated Manufacturing},
    author = {No{\"{e}}l, Fr√©d√©ric and Roucoules, Lionel},
    number = {2},
    pages = {139--145},
    volume = {21},
    url = {http://www.tandfonline.com/doi/abs/10.1080/09511920701607782},
    doi = {10.1080/09511920701607782},
    issn = {0951-192X},
    keywords = {Collaborative design, Digital enterprise technology, Information flow, Meta model, Model driven approach, Organization, Process, Product, Product life management}
}

@article{Schlenoff2004,
    title = {{The Process Specification Language (PSL) Overview and Version 1.0 Specification}},
    year = {2004},
    journal = {Technical Report},
    author = {Schlenoff, Craig and Gruninger, Michael},
    pages = {1--83},
    isbn = {NISTIR 6459},
    doi = {10.1.1.34.1404},
    keywords = {0 of the process, 1, among a wide variety, as process modeling, designed to help exchange, is an interchange format, kif, manufacturing process specification language, of manufacturing applications such, ontology, process, process information automatically, psl, specification language, this document describes version}
}

@article{CurideMouraLeite201713,
    title = {{The reference view for semantic interoperability in Integrated Product Development Process: The conceptual structure for injecting thin walled plastic products}},
    year = {2017},
    journal = {Journal of Industrial Information Integration},
    author = {Curi de Moura Leite, Athon Francisco and Canciglieri, Matheus Beltrame and Szejka, Anderson Luis and Canciglieri Junior, Osiris},
    pages = {13--23},
    volume = {7},
    publisher = {Elsevier Inc.},
    url = {https://www.scopus.com/inward/record.uri?eid=2-s2.0-85028357009&doi=10.1016%2Fj.jii.2017.06.002&partnerID=40&md5=1f4d09d5be247971906c6ff47a031d2b http://dx.doi.org/10.1016/j.jii.2017.06.002},
    doi = {10.1016/j.jii.2017.06.002},
    issn = {2452414X},
    keywords = {Integrated Product Development Process, Ontology, Reference View, Semantic Interoperability}
}

@inproceedings{Frankovic,
    title = {{The Role of Ontology in Building of Knowledge Systems for Industrial Applications}},
    year = {2006},
    booktitle = {4th Slovakian-Hungarian Joint Symposium on Applied Machine Intelligence},
    author = {Frankovi{\v{c}}, Baltaz√°r and Budinsk{\'{a}}, Ivana},
    address = {Herlany, Slovakia},
    keywords = {manufacturing network, ontology}
}

@article{Berners-LeeTimHendlerJamesLassila2001,
    title = {{The Semantic Web}},
    year = {2001},
    journal = {Scientific American},
    author = {Berners-lee, By Tim and Hendler, James and Lassila, Ora},
    number = {5},
    pages = {1--9},
    volume = {284},
    isbn = {9783540762973},
    doi = {10.1038/scientificamerican0501-34},
    issn = {00368733},
    pmid = {122},
    arxivId = {1204.6441}
}

@article{Lord2013,
    title = {{The Semantic Web takes Wing: Programming Ontologies with Tawny-OWL}},
    year = {2013},
    journal = {arXiv preprint arXiv:1303.0213},
    author = {Lord, Phillip},
    url = {http://arxiv.org/abs/1303.0213},
    issn = {16130073},
    arxivId = {arXiv:1303.0213v1}
}

@inproceedings{maedche2000text,
    title = {{The text-to-onto ontology learning environment}},
    year = {2000},
    booktitle = {Software Demonstration at ICCS-2000-Eight International Conference on Conceptual Structures},
    author = {Maedche, Alexander and Staab, Steffen},
    volume = {38},
    organization = {sn}
}

@article{Kasneci2008,
    title = {{The YAGO-NAGA Approach to Knowledge Discovery}},
    year = {2008},
    journal = {Acm Sigmod},
    author = {Kasneci, Gjergji and Ramanath, Maya and Suchanek, Fabian and Weikum, Gerhard},
    number = {4},
    pages = {7},
    volume = {37},
    doi = {http://dx.doi.org/10.1145/1519103.1519110},
    issn = {01635808}
}

@article{Aubry20151079,
    title = {{Toward an interoperable software platform for sustainable energy}},
    year = {2015},
    journal = {Computer Science and Information Systems},
    author = {Aubry, A and Panetto, H and Dassisti, M},
    number = {3},
    pages = {1079--1100},
    volume = {12},
    url = {https://www.scopus.com/inward/record.uri?eid=2-s2.0-84940055095&doi=10.2298%2FCSIS141110012A&partnerID=40&md5=b50eabcbced89dcfb94c5b7f5fd6ad04},
    doi = {10.2298/CSIS141110012A}
}

@article{Usman2013,
    title = {{Towards a formal manufacturing reference ontology}},
    year = {2013},
    journal = {International Journal of Production Research},
    author = {Usman, Zahid and Young, R. I. M. and Chungoora, Nitishal and Palmer, Claire and Case, Keith and Harding, J. A.},
    number = {22},
    pages = {6553--6572},
    volume = {51},
    url = {http://www.scopus.com/inward/record.url?eid=2-s2.0-84888646349&partnerID=tZOtx3y1 http://www.tandfonline.com/doi/abs/10.1080/00207543.2013.801570},
    doi = {10.1080/00207543.2013.801570},
    issn = {0020-7543},
    keywords = {Core concepts, Formal ontology, Interoperability, Manufacturing ontology, Oontologies, Semantics}
}

@article{Barcellos2014,
    title = {{Towards a measurement ontology pattern language}},
    year = {2014},
    journal = {CEUR Workshop Proceedings},
    author = {Barcellos, Monalessa P. and Falbo, Ricardo A. and Frauches, Vin??cius G V},
    volume = {1301},
    issn = {16130073},
    keywords = {Core ontology, Measurement, Ontology, Ontology pattern, Ontology pattern language, Software measurement ontology}
}

@article{Leal2016417,
    title = {{Towards a meta-model for networked enterprise}},
    year = {2016},
    journal = {Lecture Notes in Business Information Processing},
    author = {Leal, G and Gu{\'{e}}dria, W and Panetto, H and Proper, E},
    pages = {417--431},
    volume = {248},
    url = {https://www.scopus.com/inward/record.uri?eid=2-s2.0-84976618963&doi=10.1007%2F978-3-319-39429-9_26&partnerID=40&md5=7f655149fde5436a0c933accd806f578},
    doi = {10.1007/978-3-319-39429-9{\_}26}
}

@article{Leal2017241,
    title = {{Towards a semi-automated tool for interoperability assessment: An ontology-based approach}},
    year = {2017},
    journal = {Communications in Computer and Information Science},
    author = {Leal, G S S and Gu{\'{e}}dria, W and Panetto, H and Proper, E},
    pages = {241--254},
    volume = {770},
    url = {https://www.scopus.com/inward/record.uri?eid=2-s2.0-85029742913&doi=10.1007%2F978-3-319-67383-7_18&partnerID=40&md5=0ceef0ec8e5b1a59cd3aa222cb5d3669},
    doi = {10.1007/978-3-319-67383-7{\_}18}
}

@article{Carvalho2015,
    title = {{Towards a Well-Founded Theory for Multi-Level Conceptual Modelling}},
    year = {2015},
    author = {Carvalho, Victorio A De and Almeida, Jo√£o Paulo A},
    pages = {114--118},
    url = {http://nemo.inf.ufes.br/mlt},
    keywords = {clabjects, conceptual modelling, multi-level modelling, ontology, power types}
}

@article{Repository,
    title = {{Towards an Assembly Reference Ontology for Assembly Knowledge Sharing}},
    author = {Repository, Institutional}
}

@article{Guizzardi2015,
    title = {{Towards an Ontological Analysis of Powertypes}},
    year = {2015},
    journal = {International Workshop on Formal Ontologies for Artificial Intelligence (FOFAI 2015)},
    author = {Guizzardi, Giancarlo and Almeida, Joao Paulo Andrade √ß and Guarino, Nicola and de Carvalho, Victorio Albani},
    number = {JANUARY},
    volume = {1517},
    url = {http://www.researchgate.net/publication/279178175_Towards_an_Ontological_Analysis_of_Powertypes},
    issn = {16130073}
}

@inproceedings{Sanfilippo,
    title = {{Towards an Ontological Formalization of Technical Product for Design and Manufacturing}},
    year = {2015},
    booktitle = {International Workshop Formal Ontologies Meet Industries},
    author = {Sanfilippo, Emilio M.},
    pages = {75--87},
    publisher = {Springer},
    keywords = {dolce, engineering design, manufacturing, plm}
}

@article{Wang2014,
    title = {{Towards an Ontology of Software: a Requirements Engineering Perspective}},
    year = {2014},
    journal = {Formal Ontology in Information Systems: Proceedings of the Eighth International Conference (FOIS 2014)},
    author = {Wang, X and Guarino, N and Guizzardi, G and Mylopoulos, J},
    pages = {317 - 329},
    url = {http://www.inf.ufes.br/~gguizzardi/FOIS-v3-3-3.pdf},
    keywords = {artifact, ontology, requirements engi- neering, software, software engineering}
}

@article{Ruy2015a,
    title = {{Towards an Ontology Pattern Language for Harmonizing Software Process Related ISO Standards}},
    year = {2015},
    journal = {Proceedings of the 30th Annual ACM Symposium on Applied Computing},
    author = {Ruy, Fabiano B and Falbo, Ricardo A and Barcellos, Monalessa P and Guizzardi, Giancarlo},
    pages = {388--395},
    url = {http://doi.acm.org/10.1145/2695664.2695796},
    isbn = {978-1-4503-3196-8},
    doi = {10.1145/2695664.2695796},
    keywords = {ontology pattern language, ontology patterns, semantic interoperability, software process, standards harmonization}
}

@article{Ookubo2007,
    title = {{Towards interoperability between functional taxonomies using an ontology-based mapping}},
    year = {2007},
    journal = {Proc. of ICED 2007},
    author = {Ookubo, Masanori and Koji, Yusuke and Sasajima, Munehiko and Kitamura, Yoshinobu and Mizoguchi, Riichiro},
    number = {August},
    pages = {1--12},
    url = {http://www.iswc2004.semanticweb.org/pub/documents/ICED07_okubo.pdf},
    isbn = {1904670024},
    keywords = {functional analysis, knowledge management, ontology, sharing}
}

@article{Zouaq2011a,
    title = {{Towards open ontology learning and filtering}},
    year = {2011},
    journal = {Information Systems},
    author = {Zouaq, Amal and Gasevic, Dragan and Hatala, Marek},
    number = {7},
    pages = {1064--1081},
    volume = {36},
    publisher = {Elsevier},
    url = {http://dx.doi.org/10.1016/j.is.2011.03.005},
    isbn = {0306-4379},
    doi = {10.1016/j.is.2011.03.005},
    issn = {03064379},
    keywords = {Filtering, Graph theory, Metrics, Ontology learning}
}

@article{Bamashmoos2017,
    title = {{Towards Secure SPARQL Queries in Semantic Web Applications Using PHP}},
    year = {2017},
    journal = {2017 IEEE 11th International Conference on Semantic Computing (ICSC)},
    author = {Bamashmoos, Fatmah and Holyer, Ian and Tryfonas, Theodore and Woznowski, Przemyslaw},
    pages = {276--277},
    url = {http://ieeexplore.ieee.org/document/7889545/},
    isbn = {978-1-5090-4284-5},
    doi = {10.1109/ICSC.2017.29},
    keywords = {12, 5, blind sparql, implemented using php 5, in sesame, injection attack, php, privacy, rdf turtle and stored, security, semantic web, sparql, sparul, the data implemented using, the hcsws designed and}
}

@article{Baioco2012,
    title = {{Towards Semantic Interoperability in Information Technology : On the Advances in Automation}},
    year = {2012},
    author = {Bai{\^{o}}co, Gleison and Garcia, Anilton Salles and Guizzardi, Giancarlo},
    pages = {1--28}
}

@article{Chungoora2011,
    title = {{Towards the ontology-based consolidation of production-centric standards}},
    year = {2013},
    journal = {International Journal of Production Research},
    author = {Chungoora, N. and Cutting-Decelle, A. F. and Young, R. I. M. and Gunendran, G. and Usman, Z. and Harding, J. A. and Case, K.},
    number = {2},
    pages = {327--345},
    volume = {51},
    url = {http://www.tandfonline.com/doi/abs/10.1080/00207543.2011.627885},
    doi = {10.1080/00207543.2011.627885},
    issn = {0020-7543},
    keywords = {ISO standards, com-mon logic (CL), knowledge engineering, manufacturing information systems, ontologies, web ontology language (OWL)}
}

@article{Gr2014,
    title = {{Towards the Second Edition of ISO 24707 Common Logic What Is Common Logic ?}},
    year = {2014},
    author = {Gr, Michael and Athan, Tara and Neuhaus, Fabian},
    number = {Iso 24707},
    pages = {1--20}
}

@article{Ferrucci:2004:UAA:1030318.1030325,
    title = {{UIMA: An Architectural Approach to Unstructured Information Processing in the Corporate Research Environment}},
    year = {2004},
    journal = {Nat. Lang. Eng.},
    author = {Ferrucci, David and Lally, Adam},
    number = {3-4},
    pages = {327--348},
    volume = {10},
    publisher = {Cambridge University Press},
    url = {http://dx.doi.org/10.1017/S1351324904003523},
    address = {New York, NY, USA},
    doi = {10.1017/S1351324904003523},
    issn = {1351-3249}
}

@inproceedings{Fraga,
    title = {{Una Arquitectura de Niveles Basada en Ontolog{\'{i}}as para Lograr la Interoperabilidad entre Est{\'{a}}ndares}},
    year = {2016},
    booktitle = {45{\textordmasculine} Jornadas Argentinas de Inform{\'{a}}tica},
    author = {Fraga, Alvaro L and Leone, Horacio P},
    number = {3000},
    keywords = {ciclo de, est{\'{a}}ndares internacionales, ontolog{\'{i}}as de alto nivel, s}
}

@article{Liu2010,
    title = {{Use of Ontology for Solving Interoperability Problems between Enterprises}},
    year = {2010},
    journal = {IFIP Advances in Information and Communication Technology},
    author = {Liu, Hui and Cutting-Decelle, Anne Fran√ßoise and Bourey, Jean Pierre},
    pages = {730--737},
    volume = {336 AICT},
    isbn = {3642159605},
    doi = {10.1007/978-3-642-15961-9{\_}86},
    issn = {18684238},
    keywords = {Ontology, collaborative process, interoperability process, ontology, transformation}
}

@article{Ridge2005,
    title = {{USE OF THE ISO 18629 PSL STANDARD in a Construction Project PREAMBLE :}},
    year = {2005},
    author = {Ridge, Oak and Labs, National and Ridge, Oak},
    pages = {1--17}
}

@article{Barcellos2009,
    title = {{Using a foundational ontology for reengineering a Software Enterprise Ontology}},
    year = {2009},
    journal = {Lecture Notes in Computer Science (including subseries Lecture Notes in Artificial Intelligence and Lecture Notes in Bioinformatics)},
    author = {Barcellos, Monalessa Perini and De Almeida Falbo, Ricardo},
    pages = {179--188},
    volume = {5833 LNCS},
    isbn = {364204946X},
    doi = {10.1007/978-3-642-04947-7{\_}22},
    issn = {03029743},
    keywords = {Enterprise ontology, Foundational ontology, Ontology reengineering}
}

@article{Carvalho2016,
    title = {{Using a well-founded multi-level theory to support the analysis and representation of the powertype pattern in conceptual modeling}},
    year = {2016},
    journal = {Lecture Notes in Computer Science (including subseries Lecture Notes in Artificial Intelligence and Lecture Notes in Bioinformatics)},
    author = {Carvalho, Victorio Albani and Almeida, Jo√£o Paulo and Guizzardi, Giancarlo},
    pages = {309--324},
    volume = {9694},
    isbn = {9783319396958},
    doi = {10.1007/978-3-319-39696-5{\_}19},
    issn = {16113349},
    keywords = {Conceptual modeling, Multi-level modeling, Powertype, UML, conceptual modeling, multi-level modeling, powertype, uml}
}

@article{Shariatzadeh2016,
    title = {{Using Linked Data with Information Standards for Interoperability in Production Engineering}},
    year = {2016},
    journal = {Procedia CIRP},
    author = {Shariatzadeh, Navid and Gurdur, Didem and El-khoury, Jad and Lindberg, Lars and Sivard, Gunilla},
    pages = {502--507},
    volume = {41},
    isbn = {22128271 (ISSN)},
    doi = {10.1016/j.procir.2015.12.142},
    issn = {22128271},
    keywords = {Information modelling, Integration, Open communication standard, information modelling, integration, open communication standard}
}

@article{Gruninger2009,
    title = {{Using the PSL Ontology}},
    year = {2009},
    journal = {Handbook on Ontologies},
    author = {Gr{\"{u}}ninger, Michael},
    pages = {423--443},
    url = {http://www.springerlink.com/index/10.1007/978-3-540-92673-3},
    isbn = {978-3-540-70999-2},
    doi = {10.1007/978-3-540-92673-3}
}

@article{Anjum2013a,
    title = {{Verification of knowledge shared across design and manufacture using a foundation ontology}},
    year = {2013},
    journal = {International Journal of Production Research},
    author = {Anjum, Najam and Harding, Jennifer and Young, Robert I. M. and Case, Keith and Usman, Zahid and Changoora, Tish},
    number = {22},
    pages = {6534--6552},
    volume = {51},
    url = {https://dspace.lboro.ac.uk/dspace-jspui/bitstream/2134/8818/1/Thesis-2011-Najam Anjum.pdf http://www.tandfonline.com/doi/abs/10.1080/00207543.2013.798051},
    isbn = {9788578110796},
    doi = {10.1080/00207543.2013.798051},
    issn = {00207543},
    pmid = {25246403},
    arxivId = {arXiv:1011.1669v3},
    keywords = {Common Logic, Domain ontologies, Foundation ontologies, Knowledge verification, Manufacturability analysis, Ontology mediation}
}

@article{Calvanese2008,
    title = {{View-based query answering over description logic ontologies}},
    year = {2008},
    journal = {Kr},
    author = {Calvanese, Diego and De Giacomo, G. and Lenzerini, Maurizio and Rosati, Riccardo},
    pages = {242‚Äì251},
    url = {http://www.aaai.org/Papers/KR/2008/KR08-024.pdf},
    isbn = {9781577353843}
}

@inproceedings{medicherla2010visualization,
    title = {{Visualization for increased understanding and learning using augmented reality}},
    year = {2010},
    booktitle = {Proceedings of the international conference on Multimedia information retrieval},
    author = {Medicherla, Padmavathi S and Chang, George and Morreale, Patricia},
    pages = {441--444},
    organization = {ACM}
}

@article{sotiriou2008visualizing,
    title = {{Visualizing the invisible: augmented reality as an innovative science education scheme}},
    year = {2008},
    journal = {Advanced Science Letters},
    author = {Sotiriou, Sofoklis and Bogner, Franz X},
    number = {1},
    pages = {114--122},
    volume = {1},
    publisher = {American Scientific Publishers}
}

@article{koivunen2001w3c,
    title = {{W3c semantic web activity}},
    year = {2001},
    journal = {Semantic Web Kick-Off in Finland},
    author = {Koivunen, Marja-Riitta and Miller, Eric},
    pages = {27--44}
}

@article{Guarino2015,
    title = {{We need to discuss the relationship: Revisiting relationships as modeling constructs}},
    year = {2015},
    journal = {Lecture Notes in Computer Science (including subseries Lecture Notes in Artificial Intelligence and Lecture Notes in Bioinformatics)},
    author = {Guarino, Nicola and Guizzardi, Giancarlo},
    number = {November},
    pages = {279--294},
    volume = {9097},
    isbn = {9783319190686},
    doi = {10.1007/978-3-319-19069-3{\_}18},
    issn = {16113349}
}

@article{chinnici2007web,
    title = {{Web services description language (wsdl) version 2.0 part 1: Core language}},
    year = {2007},
    journal = {W3C recommendation},
    author = {Chinnici, Roberto and Moreau, Jean-Jacques and Ryman, Arthur and Weerawarana, Sanjiva},
    pages = {19},
    volume = {26}
}

@article{Chandrasekaran1999,
    title = {{What are Ontologies, and Why do we need them?}},
    year = {1999},
    author = {Chandrasekaran, B. and Josephson, John R. and Benjamins, V. Richard},
    pages = {20--26}
}

@article{Guarino2009,
    title = {{What is an Ontology?}},
    year = {2009},
    journal = {Decision Support Systems},
    author = {Guarino, Nicola and Oberle, Daniel and Staab, Steffen},
    pages = {1--17},
    url = {http://link.springer.com/10.1007/978-3-540-92673-3 http://www.gbv.de/du/services/toc/bs/368354474},
    isbn = {978-3-540-70999-2},
    doi = {10.1007/978-3-540-92673-3},
    issn = {10744770},
    pmid = {15756995},
    arxivId = {arXiv:1011.1669v3}
}

@article{Mostefai2016,
    title = {{What ontologies for PLM: A critical analysis}},
    year = {2016},
    journal = {2006 IEEE International Technology Management Conference, ICE 2006},
    author = {Mostefai, Sihem and Bouras, Abdelaziz},
    number = {1},
    volume = {3},
    isbn = {9781509005994},
    doi = {10.1109/ICE.2006.7477092},
    keywords = {PLM ontologies, Product knowledge management, Semantic interoperability}
}

@article{Paper2015a,
    title = {{White Paper ISO 10303 ( STEP ) AP 239 edition 3 Application Protocol For Product Life Cycle Support ( PLCS )}},
    year = {2015},
    author = {Paper, White},
    number = {1},
    volume = {10303}
}

@book{howard2003writing,
    title = {{Writing secure code}},
    year = {2003},
    author = {Howard, Michael and LeBlanc, David},
    publisher = {Pearson Education}
}

@article{Zaletelj2018ASystems,
    title = {{A foundational ontology for the modelling of manufacturing systems}},
    year = {2018},
    journal = {Advanced Engineering Informatics},
    author = {Zaletelj, Viktor and Vrabi{\v{c}}, Rok and Hozdi{\'{c}}, Elvis and Butala, Peter},
    number = {June 2017},
    pages = {129--141},
    volume = {38},
    doi = {10.1016/j.aei.2018.06.009},
    issn = {14740346},
    keywords = {Collaborative environment, Manufacturing system, Modelling, Ontology}
}

@article{Zhang2017AManagement,
    title = {{A framework for Big Data driven product lifecycle management}},
    year = {2017},
    journal = {Journal of Cleaner Production},
    author = {Zhang, Yingfeng and Ren, Shan and Liu, Yang and Sakao, Tomohiko and Huisingh, Donald},
    isbn = {0959-6526},
    doi = {10.1016/j.jclepro.2017.04.172},
    issn = {09596526},
    keywords = {Economic impact, Macro level analysis, Maintenance, Micro level analysis, Service}
}

@techreport{UsmanAInteroperability,
    title = {{A Manufacturing Foundation Ontology for Product Life Cycle Interoperability}},
    author = {Usman, Zahid and Young, Robert I M and Case, Keith and Harding, Jenny A},
    keywords = {Business Interoperability requirements, Product Life Cycle Interoperability, foundation Ontology, meta-modelling for Interoperability, semantic mediation and enrichment}
}

@article{Belkadi2012ADesign,
    title = {{A meta-modelling framework for knowledge consistency in collaborative design}},
    year = {2012},
    journal = {Annual Reviews in Control},
    author = {Belkadi, Farouk and Dremont, Nicolas and Notin, Alban and Troussier, Nadege and Messadia, Mourad},
    isbn = {1367-5788},
    doi = {10.1016/j.arcontrol.2012.09.016},
    issn = {13675788}
}

@inproceedings{Irisarri2016AIndustry,
    title = {{A model-based approach for process monitoring in oil production industry}},
    year = {2016},
    booktitle = {IEEE International Conference on Emerging Technologies and Factory Automation, ETFA},
    author = {Irisarri, Edurne and Garcia, Marcelo V. and Perez, Federico and Estevez, Elisabet and Marcos, Marga},
    isbn = {9781509013142},
    doi = {10.1109/ETFA.2016.7733633},
    issn = {19460759},
    keywords = {ISA88, ISA95, Industry 4.0, Model Driven Paradigm, OPC UA, Oil Production Industry}
}

@article{Hinkelmann2016AOntology,
    title = {{A new paradigm for the continuous alignment of business and IT: Combining enterprise architecture modelling and enterprise ontology}},
    year = {2016},
    journal = {Computers in Industry},
    author = {Hinkelmann, Knut and Gerber, Aurona and Karagiannis, Dimitris and Thoenssen, Barbara and Van Der Merwe, Alta and Woitsch, Robert},
    pages = {77--86},
    volume = {79},
    publisher = {Elsevier B.V.},
    url = {http://dx.doi.org/10.1016/j.compind.2015.07.009},
    isbn = {0166-3615},
    doi = {10.1016/j.compind.2015.07.009},
    issn = {01663615},
    keywords = {Business-IT alignment, Enterprise architecture, Enterprise engineering, Enterprise ontology, Metamodelling}
}

@inproceedings{Sangodiah2014AMachine,
    title = {{A review in feature extraction approach in question classification using Support Vector Machine}},
    year = {2014},
    booktitle = {Proceedings - 4th IEEE International Conference on Control System, Computing and Engineering, ICCSCE 2014},
    author = {Sangodiah, A. and Ahmad, R. and Ahmad, W.F.W.},
    pages = {536--541},
    isbn = {9781479956869},
    doi = {10.1109/ICCSCE.2014.7072776}
}

@article{Grabski2011ASystems,
    title = {{A review of ERP research: A future agenda for accounting information systems}},
    year = {2011},
    journal = {Journal of Information Systems},
    author = {Grabski, S.V. and Leech, S.A. and Schmidt, P.J.},
    number = {1},
    pages = {37--78},
    volume = {25},
    doi = {10.2308/jis.2011.25.1.37}
}

@article{Braaksma2011AIndustry,
    title = {{A review of the use of asset information standards for collaboration in the process industry}},
    year = {2011},
    journal = {Computers in Industry},
    author = {Braaksma, A. J.J. and Klingenberg, W. and Van Exel, P. W.H.M.},
    isbn = {0166-3615},
    doi = {10.1016/j.compind.2010.10.003},
    issn = {01663615},
    pmid = {21672746},
    keywords = {Asset information standards, Collaboration, Process industry, Product data exchange, STEP}
}

@article{Mayadevi2014APlants,
    title = {{A review on expert system applications in power plants}},
    year = {2014},
    journal = {International Journal of Electrical and Computer Engineering},
    author = {Mayadevi, N. and Vinodchandra, S.S. and Ushakumari, S.},
    number = {1},
    pages = {116--126},
    volume = {4}
}

@article{Lee2012AEvaluation,
    title = {{A semantic product modeling framework and its application to behavior evaluation}},
    year = {2012},
    journal = {IEEE Transactions on Automation Science and Engineering},
    author = {Lee, Jae H. and Fenves, Steven J. and Bock, Conrad and Suh, Hyo Won and Rachuri, Sudarsan and Fiorentini, Xenia and Sriram, Ram D.},
    isbn = {1545-5955 VO  - 9},
    doi = {10.1109/TASE.2011.2165210},
    issn = {15455955},
    keywords = {Multilevel modeling framework, OWL, Product information modeling, Semantic product modeling}
}

@article{Szejka2017AManufacturing,
    title = {{A semantic reconciliation view to support the interoperable information relationships in product design and manufacturing}},
    year = {2017},
    journal = {IFAC-PapersOnLine},
    author = {Szejka, Anderson L. and Junior, Osiris Canciglieri and Panetto, Herv√© and Aubry, Alexis and Loures, Eduardo F.Rocha},
    doi = {10.1016/j.ifacol.2017.08.2357},
    issn = {24058963},
    keywords = {Formal Rules, Modern Product Development Process, Multiple Domains, Ontology, Semantic Information Interoperability}
}

@article{Rouhani2015AMethodologies,
    title = {{A systematic literature review on Enterprise Architecture Implementation Methodologies}},
    year = {2015},
    journal = {Information and Software Technology},
    author = {Rouhani, Babak Darvish and Mahrin, Mohd Na Z.Ri and Nikpay, Fatemeh and Ahmad, Rodina Binti and Nikfard, Pourya},
    number = {1},
    pages = {1--20},
    volume = {62},
    publisher = {Elsevier B.V.},
    url = {http://dx.doi.org/10.1016/j.infsof.2015.01.012},
    isbn = {1367-5788},
    doi = {10.1016/j.infsof.2015.01.012},
    issn = {09505849},
    pmid = {16591229},
    keywords = {EAIM, Enterprise architecture, Enterprise architecture implementation, Methodology, SLR}
}

@article{Valiente2010AApproach,
    title = {{A systematic review of research on integration of ontologies with the model-driven approach}},
    year = {2010},
    journal = {International Journal of Metadata, Semantics and Ontologies},
    author = {Valiente, M.C.},
    number = {2},
    pages = {134--150},
    volume = {5},
    doi = {10.1504/IJMSO.2010.033283}
}

@article{Gill2015AgileStandards,
    title = {{Agile enterprise architecture modelling: Evaluating the applicability and integration of six modelling standards}},
    year = {2015},
    journal = {Information and Software Technology},
    author = {Gill, Asif Qumer},
    pages = {196--206},
    volume = {67},
    publisher = {Elsevier B.V.},
    url = {http://dx.doi.org/10.1016/j.infsof.2015.07.002},
    isbn = {0950-5849},
    doi = {10.1016/j.infsof.2015.07.002},
    issn = {09505849},
    pmid = {213803534},
    arxivId = {arXiv:1011.1669v3},
    keywords = {Agile modelling, ArchiMate, Enterprise architecture, Enterprise modelling, Modelling standards}
}

@article{Srinivasan2011AnManagement,
    title = {{An integration framework for product lifecycle management}},
    year = {2011},
    journal = {CAD Computer Aided Design},
    author = {Srinivasan, Vijay},
    isbn = {00104485},
    doi = {10.1016/j.cad.2008.12.001},
    issn = {00104485},
    keywords = {Business needs, Business process, Collaboration, Framework, Integration, Middleware, Product data, Product meta-data, Services-oriented architecture, Standards}
}

@inproceedings{Naeem2014AnCollaboration,
    title = {{An ontology based digital preservation system for enterprise collaboration}},
    year = {2014},
    booktitle = {Proceedings of IEEE/ACS International Conference on Computer Systems and Applications, AICCSA},
    author = {Naeem, Muhammad and Moalla, N√©jib and Ouzrout, Yacine and Bouaras, Abdelaziz},
    isbn = {9781479971008},
    doi = {10.1109/AICCSA.2014.7073267},
    issn = {21615330},
    keywords = {OAIS, PREMIS, big data, broker ontology, business intelligence, decision making, ontological modeling}
}

@article{Ardjmand2016ApplicationReview,
    title = {{Application of decision support systems in scheduling/planning of manufacturing/service systems: A critical review}},
    year = {2016},
    journal = {International Journal of Management and Decision Making},
    author = {Ardjmand, E. and Ghalehkhondabi, I. and Weckman, G.R. and Young, W.A.},
    number = {3-4},
    pages = {248--276},
    volume = {15},
    doi = {10.1504/IJMDM.2016.080703}
}

@misc{ARCStandards,
    title = {{ARC - Semantic Web Standards}},
    url = {https://www.w3.org/2001/sw/wiki/ARC}
}

@article{Chen2008ArchitecturesFuture,
    title = {{Architectures for enterprise integration and interoperability: Past, present and future}},
    year = {2008},
    journal = {Computers in Industry},
    author = {Chen, David and Doumeingts, Guy and Vernadat, Fran√ßois},
    number = {7},
    pages = {647--659},
    volume = {59},
    isbn = {0166-3615},
    doi = {10.1016/j.compind.2007.12.016},
    issn = {01663615},
    keywords = {Enterprise architecture, Enterprise integration, Enterprise modelling, Interoperability, Networked enterprises}
}

@inproceedings{Rogalla2018AutomatedSystems,
    title = {{Automated process planning for cyber-physical production systems}},
    year = {2018},
    booktitle = {IEEE International Conference on Emerging Technologies and Factory Automation, ETFA},
    author = {Rogalla, Antje and Niggemann, Oliver},
    isbn = {9781509065059},
    doi = {10.1109/ETFA.2017.8247683},
    issn = {19460759}
}

@inproceedings{Seitz2011AutonomousApplications,
    title = {{Autonomous product memories for industrial applications}},
    year = {2011},
    booktitle = {IEEE International Conference on Industrial Informatics (INDIN)},
    author = {Seitz, Christian and Runkler, Thomas and Neidig, Jorg},
    isbn = {9781457704345},
    doi = {10.1109/INDIN.2011.6034858},
    issn = {19354576}
}

@inproceedings{Danjou2016Closed-loopStudy,
    title = {{Closed-loop Manufacturing, a STEP-NC Process for Data Feedback: A Case Study}},
    year = {2016},
    booktitle = {Procedia CIRP},
    author = {Danjou, Christophe and Le Duigou, Julien and Eynard, Beno√Æt},
    isbn = {0000000000},
    doi = {10.1016/j.procir.2015.12.034},
    issn = {22128271},
    keywords = {Closed-Loop Manufacturing, Manufacturing Process Management, OntoSTEP-NC, STEP-NC}
}

@misc{CognitumEditor,
    title = {{Cognitum | Fluent Editor}},
    url = {http://www.cognitum.eu/semantics/FluentEditor/}
}

@article{NeilLittell2018DefiningConsultants,
    title = {{Defining Product Lifecycle Management: Comparing the Perspectives of Users and Consultants}},
    year = {2018},
    journal = {Journal of Business and Management Sciences},
    author = {Neil Littell, William},
    doi = {10.12691/jbms-6-3-2},
    issn = {2333-4495}
}

@article{Chen2009DevelopmentIntegration,
    title = {{Development of a mechanism for ontology-based product lifecycle knowledge integration}},
    year = {2009},
    journal = {Expert Systems with Applications},
    author = {Chen, Yuh Jen and Chen, Yuh Min and Chu, Hui Chuan},
    isbn = {0957-4174},
    doi = {10.1016/j.eswa.2008.01.049},
    issn = {09574174},
    keywords = {Collaboration, Knowledge integration, Knowledge sharing, Ontology-based, Product lifecycle}
}

@article{Satapathy2015Emerging2,
    title = {{Emerging ICT for Bridging the Future - Proceedings of the 49th Annual Convention of the Computer Society of India (CSI) Volume 2}},
    year = {2015},
    journal = {Advances in Intelligent Systems and Computing},
    author = {Satapathy, Suresh Chandra and Govardhan, A. and Raju, K. Srujan and Mandal, J. K.},
    pages = {I-IV},
    volume = {338},
    isbn = {9783319137308},
    doi = {10.1007/978-3-319-13731-5},
    issn = {21945357},
    keywords = {context management, context management system, context-aware computing, framework, ontology}
}

@article{Junghanns2016EngineeringStorage,
    title = {{Engineering of secure multi-cloud storage}},
    year = {2016},
    journal = {Computers in Industry},
    author = {Junghanns, Philipp and Fabian, Benjamin and Ermakova, Tatiana},
    pages = {108--120},
    volume = {83},
    publisher = {Elsevier B.V.},
    url = {http://dx.doi.org/10.1016/j.compind.2016.09.001},
    isbn = {0166-3615},
    doi = {10.1016/j.compind.2016.09.001},
    issn = {01663615},
    keywords = {Cloud computing, Data exchange, Privacy, Security}
}

@book{R.Harik2007EnhancedConstraints,
    title = {{Enhanced B-Rep Graph-based Feature Sequences Recognition using Manufacturing Constraints}},
    year = {2007},
    booktitle = {the 17th CIRP Design Conference},
    author = {{R. Harik} and Capponi, V. and Derigent, W.},
    number = {2},
    pages = {81--87},
    url = {http://www.ncbi.nlm.nih.gov/pubmed/15003161%5Cnhttp://cid.oxfordjournals.org/lookup/doi/10.1093/cid/cir991%5Cnhttp://www.scielo.cl/pdf/udecada/v15n26/art06.pdf%5Cnhttp://www.scopus.com/inward/record.url?eid=2-s2.0-84861150233&partnerID=tZOtx3y1},
    isbn = {9780874216561},
    doi = {10.1007/s13398-014-0173-7.2},
    issn = {0717-6163},
    pmid = {15003161},
    arxivId = {arXiv:gr-qc/9809069v1},
    archivePrefix = {arXiv},
    eprint = {9809069v1},
    primaryClass = {gr-qc}
}

@article{Kubler2015EnhancedMaterials,
    title = {{Enhanced Product Lifecycle Information Management using "communicating materials"}},
    year = {2015},
    journal = {CAD Computer Aided Design},
    author = {Kubler, Sylvain and Derigent, William and Fr{\"{a}}mling, Kary and Thomas, Andr√© and Rondeau, √âric},
    isbn = {9783531177564},
    doi = {10.1016/j.cad.2013.08.009},
    issn = {00104485},
    keywords = {Closed-Loop, Communicating material, Data synchronization, Intelligent product, Lifecycle, Management, Product}
}

@techreport{Ahmad2017EnsuringSoftware,
    title = {{Ensuring the consistency between assembly process planning and machine control software}},
    year = {2017},
    author = {Ahmad, Mussawar and Ahmad, Bilal and Harrison, Robert and Ramis Ferrer, Borja and Martinez Lastra, Jos√© L},
    url = {http://www.skillpro-project.eu/},
    keywords = {SS Lifecycle Engineering of Cyber Physical Manufacturing Systems}
}

@article{Romero2016EnterpriseTrends,
    title = {{Enterprise information systems state of the art: Past, present and future trends}},
    year = {2016},
    journal = {Computers in Industry},
    author = {Romero, David and Vernadat, Fran√É¬ßois},
    pages = {3--13},
    volume = {79},
    publisher = {Elsevier B.V.},
    url = {http://dx.doi.org/10.1016/j.compind.2016.03.001},
    isbn = {0166-3615},
    doi = {10.1016/j.compind.2016.03.001},
    issn = {01663615},
    keywords = {Enterprise architecture, Enterprise information systems, Enterprise integration, Enterprise networking, Future trends, Interoperability, State-of-the-art}
}

@misc{Weichhart2017EnterpriseEnterprises,
    title = {{Enterprise modelling for interoperable and knowledge-based enterprises}},
    year = {2017},
    booktitle = {International Journal of Production Research},
    author = {Weichhart, Georg and Stary, Christian and Vernadat, Fran√ßois},
    doi = {10.1080/00207543.2017.1406673},
    issn = {1366588X},
    keywords = {active knowledge, core manufacturing enterprise ontologies, enterprise integration, enterprise modelling, interoperability, knowledge representation, organisational learning}
}

@misc{EuropeanFramework,
    title = {{European Interoperability Framework}},
    url = {http://www.urenio.org/e-innovation/stratinc/files/library/ict/15.ICT_standards.pdf}
}

@inproceedings{Bezerra2013EvaluatingQuestions,
    title = {{Evaluating ontologies with Competency Questions}},
    year = {2013},
    booktitle = {Proceedings - 2013 IEEE/WIC/ACM International Joint Conference on Web Intelligence and Intelligent Agent Technology - Workshops, WI-IATW 2013},
    author = {Bezerra, Camila and Freitas, Fred and Santana, Filipe},
    isbn = {9781479929023},
    doi = {10.1109/WI-IAT.2013.199},
    keywords = {Checking, Competency Questions, Ontology}
}

@inproceedings{Acampora2010ExploitingManagement,
    title = {{Exploiting semantic and social technologies for competency management}},
    year = {2010},
    booktitle = {Proceedings - 10th IEEE International Conference on Advanced Learning Technologies, ICALT 2010},
    author = {Acampora, Giovanni and Gaeta, Matteo and Orciuoli, Francesco and Ritrovato, Pierluigi},
    isbn = {9780769540559},
    doi = {10.1109/ICALT.2010.86},
    keywords = {Competency management, Distance learning, Enterprise 2.0, Semantic web, Social computing}
}

@article{Lapalme2016ExploringPerspective,
    title = {{Exploring the future of enterprise architecture: A Zachman perspective}},
    year = {2016},
    journal = {Computers in Industry},
    author = {Lapalme, James and Gerber, Aurona and Van Der Merwe, Alta and Zachman, John and Vries, Marne De and Hinkelmann, Knut},
    pages = {103--113},
    volume = {79},
    publisher = {Elsevier B.V.},
    url = {http://dx.doi.org/10.1016/j.compind.2015.06.010},
    isbn = {0166-3615},
    doi = {10.1016/j.compind.2015.06.010},
    issn = {01663615},
    keywords = {Enterprise architecture, Enterprise engineering, Enterprise information systems, Grand challenges}
}

@article{Bakar2015FeatureReview,
    title = {{Feature extraction approaches from natural language requirements for reuse in software product lines: A systematic literature review}},
    year = {2015},
    journal = {Journal of Systems and Software},
    author = {Bakar, Noor Hasrina and Kasirun, Zarinah M. and Salleh, Norsaremah},
    pages = {132--149},
    volume = {106},
    publisher = {Elsevier Ltd.},
    url = {http://dx.doi.org/10.1016/j.jss.2015.05.006},
    isbn = {01641212},
    doi = {10.1016/j.jss.2015.05.006},
    issn = {01641212},
    keywords = {Feature extractions, Natural language requirements, Requirements reuse, Software product lines, Systematic literature review}
}

@article{Nardi2013FoundationalReview,
    title = {{Foundational Ontologies for Semantic Integration in EAI: A Systematic Literature Review}},
    year = {2013},
    journal = {IFIP Conference on e-Business, e-Services, e-Society (I3E)},
    author = {Nardi, Julio Cesar and de Almeida Falbo, Ricardo and Almeida, Jo√£o Paulo Andrade},
    pages = {238--249},
    volume = {399},
    isbn = {9783642374364},
    doi = {10.1007/978-3-642-37437-1{\_}20},
    keywords = {enterprise application integration, foundational ontologies, mantic interoperability, se-, semantic integration, systematic literature review}
}

@article{Kruize2013ImprovingPerspective,
    title = {{Improving arable farm enterprise integration - Review of existing technologies and practices from a farmer's perspective}},
    year = {2013},
    journal = {Computers and Electronics in Agriculture},
    author = {Kruize, J. W. and Robbemond, R. M. and Scholten, H. and Wolfert, J. and Beulens, A. J M},
    pages = {75--89},
    volume = {96},
    doi = {10.1016/j.compag.2013.04.017},
    issn = {01681699},
    keywords = {Architectural description, Enterprise configuration, Farm enterprise integration, Precision agriculture, Reference model}
}

@article{Chen2016Industrial20062015,
    title = {{Industrial information integration‚ÄîA literature review 2006‚Äì2015}},
    year = {2016},
    journal = {Journal of Industrial Information Integration},
    author = {Chen, Yong},
    pages = {30--64},
    volume = {2},
    isbn = {2452-414X},
    doi = {10.1016/j.jii.2016.04.004},
    issn = {2452414X},
    keywords = {IIIE, Industrial information integration, Literature review}
}

@article{Ruschel2017IndustrialReview,
    title = {{Industrial maintenance decision-making: A systematic literature review}},
    year = {2017},
    journal = {Journal of Manufacturing Systems},
    author = {Ruschel, E. and Santos, E.A.P. and Loures, E.D.F.R.},
    pages = {180--194},
    volume = {45},
    doi = {10.1016/j.jmsy.2017.09.003}
}

@inproceedings{Pires2015IndustrialReview,
    title = {{Industrial maintenance for sustainable performance: A systematic literature review}},
    year = {2015},
    booktitle = {23rd International Conference for Production Research, ICPR 2015},
    author = {Pires, S.P. and S{\'{e}}n{\'{e}}chal, O. and Deschamps, F. and Loures, E.F.R. and Perroni, M.G.}
}

@article{Cecil2013InformationApplications,
    title = {{Information systems for enterprise integration , interoperability and networking : theory and applications Information Systems for Enterprise Integration , Interoperability and Networking : Theory and Applications}},
    year = {2013},
    author = {Cecil, Joe}
}

@article{Yu2012IntegrationCluster,
    title = {{Integration of Heterogeneous Product Information for Industrial Cluster}},
    year = {2012},
    journal = {Applied Mechanics and Materials},
    author = {Yu, Jun He and Zhan, Hong Fei},
    pages = {898--901},
    volume = {201-202},
    url = {http://www.scientific.net/AMM.201-202.898},
    isbn = {978-3-03785-482-2},
    doi = {10.4028/www.scientific.net/AMM.201-202.898},
    issn = {1662-7482},
    keywords = {abstract, an important role in, collaboration of enterprise and, heterogeneous product information for, industrial cluster, information integration, it plays, on plib standard, ontology, parts library, product data model based, product information inquires in, the globe classification, the paper presented globe, this paper analyzed the}
}

@misc{Palmer2017InteroperableSystems,
    title = {{Interoperable manufacturing knowledge systems}},
    year = {2017},
    booktitle = {International Journal of Production Research},
    author = {Palmer, Claire and Usman, Zahid and Canciglieri Junior, Osiris and Malucelli, Andreia and Young, Robert I.M.},
    doi = {10.1080/00207543.2017.1391416},
    issn = {1366588X},
    keywords = {decision support, interoperability, knowledge sharing, manufacturing systems, reference ontologies}
}

@inproceedings{Antonelli2012IntroducingAnalysis,
    title = {{Introducing Product Lifecycle Management to small medium enterprises: Discussion and analysis}},
    year = {2012},
    booktitle = {IFAC Proceedings Volumes (IFAC-PapersOnline)},
    author = {Antonelli, D. and Chiabert, P. and Villa, A.},
    isbn = {9783902661982},
    doi = {10.3182/20120523-3-RO-2023.00261},
    issn = {14746670},
    keywords = {Business Process Reengineering, Product Lifecycle Management}
}

@misc{ISOPrinciples,
    title = {{ISO 10303-1:1994 - Industrial automation systems and integration -- Product data representation and exchange -- Part 1: Overview and fundamental principles}},
    url = {http://www.iso.org/iso/catalogue_detail?csnumber=20579}
}

@misc{ISOConfiguration,
    title = {{ISO 10303-227:2005 - Industrial automation systems and integration -- Product data representation and exchange -- Part 227: Application protocol: Plant spatial configuration}},
    url = {http://www.iso.org/iso/iso_catalogue/catalogue_tc/catalogue_detail.htm?csnumber=34006}
}

@misc{ISOExchange,
    title = {{ISO 10303-232:2002 - Industrial automation systems and integration -- Product data representation and exchange -- Part 232: Application protocol: Technical data packaging core information and exchange}},
    url = {http://www.iso.org/iso/iso_catalogue/catalogue_tc/catalogue_detail.htm?csnumber=27831}
}

@misc{ISOVerification,
    title = {{ISO 10303-235:2009 - Industrial automation systems and integration -- Product data representation and exchange -- Part 235: Application protocol: Engineering properties for product design and verification}},
    url = {http://www.iso.org/iso/iso_catalogue/catalogue_tc/catalogue_detail.htm?csnumber=44144}
}

@misc{ISOSupport,
    title = {{ISO 10303-239:2005 - Industrial automation systems and integration -- Product data representation and exchange -- Part 239: Application protocol: Product life cycle support}},
    url = {http://www.iso.org/iso/home/store/catalogue_ics/catalogue_detail_ics.htm?csnumber=38310}
}

@misc{ISOProperties,
    title = {{ISO 10303-49:1998 - Industrial automation systems and integration -- Product data representation and exchange -- Part 49: Integrated generic resources: Process structure and properties}},
    url = {http://www.iso.org/iso/iso_catalogue/catalogue_tc/catalogue_detail.htm?csnumber=25101}
}

@misc{ISOSpecification,
    title = {{ISO 13584-102:2006 - Industrial automation systems and integration -- Parts library -- Part 102: View exchange protocol by ISO 10303 conforming specification}},
    url = {http://www.iso.org/iso/iso_catalogue/catalogue_tc/catalogue_detail.htm?csnumber=43987}
}

@misc{ISOPrinciplesb,
    title = {{ISO 13584-1:2001 - Industrial automation systems and integration -- Parts library -- Part 1: Overview and fundamental principles}},
    url = {http://www.iso.org/iso/iso_catalogue/catalogue_tc/catalogue_detail.htm?csnumber=25103}
}

@misc{ISOLibrary,
    title = {{ISO 13584-24:2003 - Industrial automation systems and integration -- Parts library -- Part 24: Logical resource: Logical model of supplier library}},
    url = {http://www.iso.org/iso/iso_catalogue/catalogue_tc/catalogue_detail.htm?csnumber=34070}
}

@misc{ISOFamilies,
    title = {{ISO 13584-42:2010 - Industrial automation systems and integration -- Parts library -- Part 42: Description methodology: Methodology for structuring parts families}},
    url = {http://www.iso.org/iso/iso_catalogue/catalogue_tc/catalogue_detail.htm?csnumber=43423}
}

@misc{ISOOverview,
    title = {{ISO 15531-1:2004 - Industrial automation systems and integration -- Industrial manufacturing management data -- Part 1: General overview}},
    url = {http://www.iso.org/iso/iso_catalogue/catalogue_tc/catalogue_detail.htm?csnumber=28144}
}

@misc{ISOData,
    title = {{ISO 15531-32:2005 - Industrial automation systems and integration -- Industrial manufacturing management data: Resources usage management -- Part 32: Conceptual model for resources usage management data}},
    url = {http://www.iso.org/iso/iso_catalogue/catalogue_tc/catalogue_detail.htm?csnumber=34726}
}

@misc{ISOExchangeb,
    title = {{ISO 15531-43:2006 - Industrial automation systems and integration -- Industrial manufacturing management data -- Part 43: Manufacturing flow management data: Data model for flow monitoring and manufacturing data exchange}},
    url = {http://www.iso.org/iso/iso_catalogue/catalogue_tc/catalogue_detail.htm?csnumber=42272}
}

@misc{ISOAcquisition,
    title = {{ISO 15531-44:2010 - Industrial automation systems and integration -- Industrial manufacturing management data -- Part 44: Information modelling for shop floor data acquisition}},
    url = {http://www.iso.org/iso/iso_catalogue/catalogue_tc/catalogue_detail.htm?csnumber=50846}
}

@misc{ISOCore,
    title = {{ISO 18629-11:2005 - Industrial automation systems and integration -- Process specification language -- Part 11: PSL core}},
    url = {http://www.iso.org/iso/iso_catalogue/catalogue_tc/catalogue_detail.htm?csnumber=33529}
}

@misc{ISOCoreb,
    title = {{ISO 18629-12:2005 - Industrial automation systems and integration -- Process specification language -- Part 12: Outer core}},
    url = {http://www.iso.org/iso/iso_catalogue/catalogue_tc/catalogue_detail.htm?csnumber=35184}
}

@misc{ISOTheories,
    title = {{ISO 18629-13:2006 - Industrial automation systems and integration -- Process specification language -- Part 13: Duration and ordering theories}},
    url = {http://www.iso.org/iso/iso_catalogue/catalogue_tc/catalogue_detail.htm?csnumber=35185}
}

@misc{ISOTheoriesb,
    title = {{ISO 18629-14:2006 - Industrial automation systems and integration -- Process specification language -- Part 14: Resource theories}},
    url = {http://www.iso.org/iso/iso_catalogue/catalogue_tc/catalogue_detail.htm?csnumber=35186}
}

@misc{ISOPrinciplesc,
    title = {{ISO 18629-1:2004 - Industrial automation systems and integration -- Process specification language -- Part 1: Overview and basic principles}},
    url = {http://www.iso.org/iso/iso_catalogue/catalogue_tc/catalogue_detail.htm?csnumber=35431}
}

@misc{ISOExtensions,
    title = {{ISO 18629-41:2006 - Industrial automation systems and integration -- Process specification language -- Part 41: Definitional extension: Activity extensions}},
    url = {http://www.iso.org/iso/iso_catalogue/catalogue_tc/catalogue_detail.htm?csnumber=35191}
}

@misc{ISOExtensionsb,
    title = {{ISO 18629-42:2006 - Industrial automation systems and integration -- Process specification language -- Part 42: Definitional extension: Temporal and state extensions}},
    url = {http://www.iso.org/iso/iso_catalogue/catalogue_tc/catalogue_detail.htm?csnumber=35192}
}

@misc{ISOExtensionsc,
    title = {{ISO 18629-43:2006 - Industrial automation systems and integration -- Process specification language -- Part 43: Definitional extension: Activity ordering and duration extensions}},
    url = {http://www.iso.org/iso/iso_catalogue/catalogue_tc/catalogue_detail.htm?csnumber=35193}
}

@misc{ISOExtensionsd,
    title = {{ISO 18629-44:2006 - Industrial automation systems and integration -- Process specification language -- Part 44: Definitional extension: Resource extensions}},
    url = {http://www.iso.org/iso/iso_catalogue/catalogue_tc/catalogue_detail.htm?csnumber=35194}
}

@misc{ISO4,
    title = {{ISO TC 184/SC 4}},
    url = {http://www.tc184-sc4.org}
}

@misc{ISOTC184/SC4,
    title = {{ISO TC184/SC4}},
    url = {http://web.archive.org/web/20071112123812/http://www.tc184-sc4.org/About_TC184-SC4/About_SC4_Standards/}
}

@misc{ISO/TSIdentification,
    title = {{ISO/TS 10303-1022:2014 - Industrial automation systems and integration -- Product data representation and exchange -- Part 1022: Application module: Part and version identification}},
    url = {http://www.iso.org/iso/home/store/catalogue_tc/catalogue_detail.htm?csnumber=64307}
}

@misc{ISO/TSData,
    title = {{ISO/TS 15926-11:2015 - Industrial automation systems and integration -- Integration of life-cycle data for process plants including oil and gas production facilities -- Part 11: Methodology for simplified industrial usage of reference data}},
    url = {http://www.iso.org/iso/iso_catalogue/catalogue_tc/catalogue_detail.htm?csnumber=57859}
}

@misc{ISO/TSOverview,
    title = {{ISO/TS 8000-1:2011 - Data quality -- Part 1: Overview}},
    url = {http://www.iso.org/iso/iso_catalogue/catalogue_tc/catalogue_detail.htm?csnumber=50798}
}

@misc{ISO/TSPDQ-S,
    title = {{ISO/TS 8000-311:2012 - Data quality -- Part 311: Guidance for the application of product data quality for shape (PDQ-S)}},
    url = {http://www.iso.org/iso/iso_catalogue/catalogue_tc/catalogue_detail.htm?csnumber=60010}
}

@article{Tajuddin2017KnowledgeReview,
    title = {{Knowledge intergration system (KIS) model through social media for supporting small medium enterprise (SMEs): A systematic literature review}},
    year = {2017},
    journal = {Advanced Science Letters},
    author = {Tajuddin, N.I.I. and Abdullah, R.},
    number = {5},
    pages = {4263--4268},
    volume = {23},
    doi = {10.1166/asl.2017.8239}
}

@misc{KnowledgeSystem,
    title = {{Knowledge Sharing in Design Based on PLM system}}
}

@inproceedings{CuongPhamCongandDurupt2015KnowledgeManagement,
    title = {{Knowledge Sharing Using Product Life Cycle Management}},
    year = {2015},
    booktitle = {Advances in Production Management Systems: Innovative Production Management Towards Sustainable Growth},
    author = {Cuong Pham Cong{\\\}and Durupt, Alexandre
        and Matta Nada
        and Eynard Benoit
        and Ducellier Guillaume},
    editor = {Umeda Shigeki{\\\}and Nakano, Masaru
        and Mizuyama Hajime
        and Hibino Nironori
        and Kiritsis Dimitris
        and von Cieminski Gregor},
    pages = {376--382},
    publisher = {Springer International Publishing},
    address = {Cham},
    isbn = {978-3-319-22756-6}
}

@article{LeoKumar2018Knowledge-basedReview,
    title = {{Knowledge-based expert system in manufacturing planning: state-of-the-art review}},
    year = {2018},
    journal = {International Journal of Production Research},
    author = {Leo Kumar, S.P. P.},
    pages = {1--25},
    publisher = {Taylor {\&} Francis},
    url = {https://doi.org/10.1080/00207543.2018.1424372},
    doi = {10.1080/00207543.2018.1424372},
    issn = {1366588X},
    keywords = {CAPP, artificial intelligence, expert system, knowledge-based system, manufacturing}
}

@article{Mayer1992LHIll,
    title = {{l HiI HIll}},
    year = {1992},
    author = {Mayer, Richard J and Cullinane, Thomas P and Perakath, Benjamin and Wells, M Sue}
}

@inproceedings{Fernbach2016LinkedManagement,
    title = {{Linked data for building management}},
    year = {2016},
    booktitle = {IECON Proceedings (Industrial Electronics Conference)},
    author = {Fernbach, Andreas and Pelesic, Igor and Kastner, Wolfgang},
    isbn = {9781509034741},
    doi = {10.1109/IECON.2016.7793781},
    issn = {9781509034741}
}

@article{Oztemel2018LiteratureTechnologies,
    title = {{Literature review of Industry 4.0 and related technologies}},
    year = {2018},
    journal = {Journal of Intelligent Manufacturing},
    author = {Oztemel, E. and Gursev, S.},
    doi = {10.1007/s10845-018-1433-8}
}

@article{Liu2008ManufacturingReview,
    title = {{Manufacturing perspective of enterprise application integration: The state of the art review}},
    year = {2008},
    journal = {International Journal of Production Research},
    author = {Liu, X. and Zhang, W.J. and Radhakrishnan, R. and Tu, Y.L.},
    number = {16},
    pages = {4567--4596},
    volume = {46},
    doi = {10.1080/00207540701263325}
}

@inproceedings{Sorouri2014MIRA:Systems,
    title = {{MIRA: Enabler of mass customization through agent-based development of intelligent manufacturing systems}},
    year = {2014},
    booktitle = {Proceedings - IEEE International Conference on Robotics and Automation},
    author = {Sorouri, Majid and Vyatkin, Valeriy and Salcic, Zoran},
    isbn = {978-1-4799-3685-4},
    doi = {10.1109/ICRA.2014.6906619},
    issn = {10504729}
}

@article{Andres2016ModelsReview,
    title = {{Models, guidelines and tools for the integration of collaborative processes in non-hierarchical manufacturing networks: A review}},
    year = {2016},
    journal = {International Journal of Computer Integrated Manufacturing},
    author = {Andres, B. and Poler, R.},
    number = {2},
    pages = {166--201},
    volume = {29},
    doi = {10.1080/0951192X.2014.1003148}
}

@article{Panetto2016NewSystems,
    title = {{New perspectives for the future interoperable enterprise systems}},
    year = {2016},
    journal = {Computers in Industry},
    author = {Panetto, Herv√© and Zdravkovic, Milan and Jardim-Goncalves, Ricardo and Romero, David and Cecil, J. and Mezg{\'{a}}r, Istv√°n},
    pages = {47--63},
    volume = {79},
    isbn = {0166-3615},
    doi = {10.1016/j.compind.2015.08.001},
    issn = {01663615},
    keywords = {Cloud-based systems, Context-aware systems, Enterprise information systems, Enterprise integration, Enterprises as cyber-physical systems, Interoperability assessment, Networked collaborative enterprise, Semantic interoperability}
}

@book{Gomez-Perez2007OntologicalWeb,
    title = {{Ontological Engineering: With Examples from the Areas of Knowledge Management, E-Commerce and the Semantic Web}},
    year = {2007},
    author = {G{\textbackslash}'omez-P{\textbackslash}'erez, A. and Fern{\textbackslash}'andez-L{\textbackslash}'opez, M. and Corcho, O.},
    edition = {2nd edition},
    publisher = {Springer},
    isbn = {1852335831}
}

@inproceedings{Wang2010OntologySTEP,
    title = {{Ontology based geometry recognition for STEP}},
    year = {2010},
    booktitle = {IEEE International Symposium on Industrial Electronics},
    author = {Wang, Qingmai and Peng, Wei and Yu, Xinghuo},
    isbn = {9781424463916},
    doi = {10.1109/ISIE.2010.5637530}
}

@inproceedings{Abele2013Ontology-basedModels,
    title = {{Ontology-based validation of plant models}},
    year = {2013},
    booktitle = {IEEE International Conference on Industrial Informatics (INDIN)},
    author = {Abele, Lisa and Legat, Christoph and Grimm, Stephan and M{\"{u}}ller, Andreas W.},
    isbn = {9781479907526},
    doi = {10.1109/INDIN.2013.6622888},
    issn = {19354576}
}

@article{Aziz2005OpenDevelopment,
    title = {{Open standard, open source and peer-to-peer tools and methods for collaborative product development}},
    year = {2005},
    journal = {Computers in Industry},
    author = {Aziz, Hayder and Gao, James and Maropoulos, Paul and Cheung, Wai M.},
    isbn = {0166-3615},
    doi = {10.1016/j.compind.2004.12.002},
    issn = {01663615},
    keywords = {Collaborative product development, Knowledge management, PLM, Peer-to-peer, STEP}
}

@misc{OWLStandards,
    title = {{OWL - Semantic Web Standards}},
    url = {https://www.w3.org/OWL/}
}

@article{Ferreira2017ProductIndustry,
    title = {{Product lifecycle management in knowledge intensive collaborative environments: An application to automotive industry}},
    year = {2017},
    journal = {International Journal of Information Management},
    author = {Ferreira, Filipe and Faria, Jos√© and Azevedo, Am√©rico and Marques, Ana Luisa},
    doi = {10.1016/j.ijinfomgt.2016.05.006},
    issn = {02684012},
    keywords = {Collaborative engineering, Hybrid process management, Knowledge based engineering, Manufacturing planning, Product design and development}
}

@techreport{Ameri2005ProductLoops,
    title = {{Product Lifecycle Management: Closing the Knowledge Loops}},
    year = {2005},
    booktitle = {Computer-Aided Design {\&} Applications},
    author = {Ameri, Farhad and Dutta, Deba},
    number = {5},
    pages = {577--590},
    volume = {2},
    keywords = {Extended Enterprise, Knowledge Management, PLM, Product Realization Process}
}

@misc{RDFLibStandards,
    title = {{RDFLib - Semantic Web Standards}},
    url = {https://www.w3.org/2001/sw/wiki/RDFLib}
}

@article{Negri2016RequirementsSystems,
    title = {{Requirements and languages for the semantic representation of manufacturing systems}},
    year = {2016},
    journal = {Computers in Industry},
    author = {Negri, Elisa and Fumagalli, Luca and Garetti, Marco and Tanca, Letizia},
    pages = {55--66},
    volume = {81},
    publisher = {Elsevier B.V.},
    url = {http://dx.doi.org/10.1016/j.compind.2015.10.009},
    doi = {10.1016/j.compind.2015.10.009},
    issn = {01663615},
    keywords = {Flexibility, Manufacturing domain ontology, Manufacturing system, Re-configurability, Semantic languages requirement}
}

@article{Curcio2018RequirementsDevelopment,
    title = {{Requirements engineering: A systematic mapping study in agile software development}},
    year = {2018},
    journal = {Journal of Systems and Software},
    author = {Curcio, Karina and Navarro, Tiago and Malucelli, Andreia and Reinehr, Sheila},
    pages = {32--50},
    volume = {139},
    publisher = {Elsevier Inc.},
    url = {https://doi.org/10.1016/j.jss.2018.01.036},
    doi = {10.1016/j.jss.2018.01.036},
    issn = {01641212},
    keywords = {Agile software development, Requirements engineering, Systematic mapping study}
}

@article{Zhi2014ReviewArchitecture,
    title = {{Review of product family architecture}},
    year = {2014},
    journal = {Jisuanji Jicheng Zhizao Xitong/Computer Integrated Manufacturing Systems, CIMS},
    author = {Zhi, H.-W. and Du, G.},
    number = {2},
    pages = {225--241},
    volume = {20},
    doi = {10.13196/j.cims.2014.02.zhihuawei.0225.17.2014021}
}

@inproceedings{Sardis2013SecureApplications,
    title = {{Secure Enterprise Interoperability Ontology for semantic integration of Business to Business applications}},
    year = {2013},
    booktitle = {Proceedings - 2013 8th International Conference on P2P, Parallel, Grid, Cloud and Internet Computing, 3PGCIC 2013},
    author = {Sardis, Emmanuel and Gogouvitis, Spyridon V. and Bouras, Thanassis and Gouvas, Panagiotis and Varvarigou, Theodora and Pantelopoulos, Stelios and Sarantinopoulos, Chris},
    isbn = {9780769550947},
    doi = {10.1109/3PGCIC.2013.17}
}

@article{Liao2015SemanticContext,
    title = {{Semantic {\{}Annotation{\}} for {\{}Knowledge{\}} {\{}Explicitation{\}} in a {\{}Product{\}} {\{}Lifecycle{\}} {\{}Management{\}} {\{}Context{\}}}},
    year = {2015},
    journal = {Comput. Ind.},
    author = {Liao, Yongxin and Lezoche, Mario and Panetto, Herv√© and Boudjlida, Nacer and Loures, Eduardo Rocha},
    number = {C},
    pages = {24--34},
    volume = {71},
    url = {http://dx.doi.org/10.1016/j.compind.2015.03.005},
    doi = {10.1016/j.compind.2015.03.005},
    issn = {0166-3615},
    keywords = {Formalization, Knowledge explicitation, Product lifecycle management, Semantic annotation, Semantic interoperability}
}

@article{Chen2017SmartChallenges,
    title = {{Smart Factory of Industry 4.0: Key Technologies, Application Case, and Challenges}},
    year = {2017},
    journal = {IEEE Access},
    author = {Chen, Baotong and Wan, Jiafu and Shu, Lei and Li, Peng and Mukherjee, Mithun and Yin, Boxing},
    isbn = {21693536 (ISSN)},
    doi = {10.1109/ACCESS.2017.2783682},
    issn = {21693536},
    pmid = {16387636},
    keywords = {Smart factory, big data, cloud computing, cyber-physical systems, industrial Internet of Things}
}

@book{Oquendo2016SoftwareStandard,
    title = {{Software architecture in action : designing and executing architectural models with SysADL grounded on the OMG SysML standard}},
    year = {2016},
    author = {Oquendo, Flavio and Leite, Jair and Batista, Thais},
    pages = {236},
    isbn = {9783319443393},
    issn = {1863-7310}
}

@article{Garcia-Borgonon2014SoftwareReview,
    title = {{Software process modeling languages: A systematic literature review}},
    year = {2014},
    journal = {Information and Software Technology},
    author = {Garc{\'{i}}a-Borgo{\~{n}}{\'{o}}n, L. and Barcelona, M. A. and Garc{\'{i}}a-Garc{\'{i}}a, J. A. and Alba, M. and Escalona, M. J.},
    number = {2},
    pages = {103--116},
    volume = {56},
    isbn = {0950-5849},
    doi = {10.1016/j.infsof.2013.10.001},
    issn = {09505849},
    keywords = {Software process language, Software process modeling, Systematic literature review}
}

@misc{SQLOWASP,
    title = {{SQL Injection Prevention Cheat Sheet - OWASP}},
    url = {https://www.owasp.org/index.php/SQL_Injection_Prevention_Cheat_Sheet}
}

@article{Chen2004StandardsArt,
    title = {{Standards on enterprise integration and engineering‚Äîstate of the art}},
    year = {2004},
    journal = {International Journal of Computer Integrated Manufacturing},
    author = {Chen, David and Vernadat, Fran√ßois},
    number = {3},
    pages = {235--253},
    volume = {17},
    doi = {10.1080/09511920310001607087},
    issn = {13623052}
}

@article{Framling2013SustainableProducts,
    title = {{Sustainable PLM through Intelligent Products}},
    year = {2013},
    journal = {Engineering Applications of Artificial Intelligence},
    author = {Fr{\"{a}}mling, Kary and Holmstr{\"{o}}m, Jan and Loukkola, Juha and Nyman, Jan and Kaustell, Andr√©},
    isbn = {0952-1976},
    doi = {10.1016/j.engappai.2012.08.012},
    issn = {09521976},
    keywords = {Agent-based systems, Closed-loop PLM, Green IS, Intelligent products, Internet of things, Middleware}
}

@misc{SWRL:RuleML,
    title = {{SWRL: A Semantic Web Rule Language Combining OWL and RuleML}},
    url = {https://www.w3.org/Submission/SWRL/}
}

@incollection{Jun2006SystemPLM,
    title = {{System Architecture for Closed-Loop PLM}},
    year = {2006},
    booktitle = {Information Control Problems in Manufacturing 2006},
    author = {Jun, Hong Bae and Shin, Jong Ho and Kiritsis, Dimitris and Xirouchakis, Paul},
    isbn = {9780080446547},
    doi = {10.1016/B978-008044654-7/50266-1},
    issn = {0951192X},
    pmid = {22665604}
}

@article{Wohlin2013SystematicEngineering,
    title = {{Systematic literature reviews in software engineering}},
    year = {2013},
    journal = {Information and Software Technology},
    author = {Wohlin, Claes and Prikladniki, Rafael},
    number = {6},
    pages = {919--920},
    volume = {55},
    isbn = {9781424448418},
    doi = {10.1016/j.infsof.2013.02.002},
    issn = {09505849}
}

@article{Giboin2011TakingFrameworks,
    title = {{Taking pragmatic dimensions of ontologies into account: frameworks}},
    year = {2011},
    journal = {Proceedings of the 7th International Conference on Semantic Systems - I-Semantics '11},
    author = {Giboin, Alain and Denis, Brigitte and Snoeck, C},
    pages = {203--210},
    url = {http://dl.acm.org/citation.cfm?id=2063550},
    isbn = {9781450306218},
    doi = {10.1145/2063518.2063550}
}

@article{Ramar2016TechnicalTechniques,
    title = {{Technical review on ontology mapping techniques}},
    year = {2016},
    journal = {Asian Journal of Information Technology},
    author = {Ramar, K. and Gurunathan, G.},
    number = {4},
    pages = {676--688},
    volume = {15},
    doi = {10.3923/ajit.2016.676.688}
}

@article{Thangaraj2018TextReview,
    title = {{Text classification techniques: A literature review}},
    year = {2018},
    journal = {Interdisciplinary Journal of Information, Knowledge, and Management},
    author = {Thangaraj, M. and Sivakami, M.},
    pages = {117--135},
    volume = {13},
    doi = {10.28945/4066}
}

@article{Esmaeilian2016TheReview,
    title = {{The evolution and future of manufacturing: A review}},
    year = {2016},
    journal = {Journal of Manufacturing Systems},
    author = {Esmaeilian, B. and Behdad, S. and Wang, B.},
    pages = {79--100},
    volume = {39},
    doi = {10.1016/j.jmsy.2016.03.001}
}

@book{Cossio2012TheDevelopment,
    title = {{The future of product development}},
    year = {2012},
    booktitle = {Uma {\'{e}}tica para quantos?},
    author = {Cossio, Mar√≠a Laura T and Giesen, Laura F and Araya, Gabriela and P{\'{e}}rez-Cotapos, Mar√≠a Luisa S and VERGARA, RICARDO L√ìPEZ and Manca, Maura and Tohme, R. A. and Holmberg, S. D. and Bressmann, Tim and Lirio, Daniel Rodrigues and Rom{\'{a}}n, Jelitza Soto and Sol{\'{i}}s, Rodrigo Ganter and Thakur, Sanjay and Rao, SVD Nageswara and Modelado, E L and La, Artificial D E and Durante, Cabeza and Tradici{\'{o}}n, U N A and En, Maya and Espejo, E L and Fuentes, D E L A S and Yucat{\'{a}}n, Universidad Aut√≥noma De and Lenin, Cruz Moreno and Cian, Laura Franco and Douglas, M Joanne and Plata, La and H{\'{e}}ritier, Fran√ßoise},
    number = {2},
    pages = {81--87},
    volume = {XXXIII},
    url = {http://www.ncbi.nlm.nih.gov/pubmed/15003161%5Cnhttp://cid.oxfordjournals.org/lookup/doi/10.1093/cid/cir991%5Cnhttp://www.scielo.cl/pdf/udecada/v15n26/art06.pdf%5Cnhttp://www.scopus.com/inward/record.url?eid=2-s2.0-84861150233&partnerID=tZOtx3y1},
    isbn = {9780874216561},
    doi = {10.1007/s13398-014-0173-7.2},
    issn = {0717-6163},
    pmid = {15003161},
    arxivId = {arXiv:gr-qc/9809069v1},
    archivePrefix = {arXiv},
    eprint = {9809069v1},
    primaryClass = {gr-qc},
    keywords = {Adolescence, Adolescencia, Adolescent, Adolescent Behavior, Adolescent Behavior: psychology, Adult, Agresiones al cuerpo, Attachment to the body, Attaque au corps, Autolesiones deliberadas, Automutilation d{\'{e}}lib{\'{e}}r{\'{e}}e, Body Piercing, Body Piercing: psychology, Body Piercing: statistics {\&} numerical data, Body image, CUERPO, Chile, Chile: epidemiology, Cosmetic Techniques, Deliberate self-harm, Epidemiologic Methods, Female, Humans, Image corporelle, Imagen corporal, JUVENTUD, MODIFICACIONES CORPORALES, Male, Motivation, Movement, Risk-Taking, Self Mutilation, Self Mutilation: physiopathology, Self Mutilation: ultrasonography, Sex Distribution, Speech Articulation Tests, Speech Intelligibility, Tattooing, Tattooing: psychology, Tattooing: statistics {\&} numerical data, Tongue, Tongue: injuries, Tongue: physiopathology, Tongue: ultrasonography, aesthetics, and on cor-, as none were found, autoinjury and health, body, complications did not, complications from inserting a, constituci{\'{o}}n del yo, control postural- estabilizaci{\'{o}}n- v{\'{i}}as, corporal modifications, corps, cuerpo, culturas juveniles, cultures juv{\'{e}}niles, epidural, esth{\'{e}}tique, est{\'{e}}tica, find any reports of, high resolution images, if neuraxial anes-, ing with neuraxial anesthesia, jeunesse, juvenile cultures, juventud, mecanismos de anteroalimentaci{\'{o}}n y, modificacio -, needle through a, nes corporales, perforaci{\'{o}}n corporal, piel, pr{\'{a}}ctica autolesiva, psicoan{\'{a}}lisis, research, retroalimentaci{\'{o}}n, risks management, segunda piel, sensitivas y motoras, spinal, sustainable reconstruction, tattoo, tattooing, tattoos, tatuaje, the literature on tattoos, was reviewed to see, youth}
}

@article{Matta2015TheReview,
    title = {{The Integration of CAD/CAM and Rapid Prototyping in Product Development: A Review}},
    year = {2015},
    journal = {Materials Today: Proceedings},
    author = {Matta, A. K. and Ranga Raju, D. and Suman, K. N.S.},
    number = {4-5},
    pages = {3438--3445},
    volume = {2},
    publisher = {Elsevier Ltd.},
    url = {http://dx.doi.org/10.1016/j.matpr.2015.07.319},
    isbn = {2214-7853},
    doi = {10.1016/j.matpr.2015.07.319},
    issn = {22147853},
    pmid = {22119539},
    keywords = {Algorithms, CAD/CAM, Rapid prototyping}
}

@article{Maedche2001TheText-To-Onto,
    title = {{The ontology extraction {\&} maintenance framework Text-To-Onto}},
    year = {2001},
    journal = {Proc. Workshop on Integrating Data {\ldots}},
    author = {Maedche, Alexander and Volz, Raphael},
    pages = {1--12},
    url = {http://users.csc.calpoly.edu/~fkurfess/Events/DM-KM-01/Volz.pdf}
}

@misc{TOGAFG116,
    title = {{TOGAF{\textregistered} Version 9.1 - G116}},
    url = {https://www2.opengroup.org/ogsys/catalog/G116}
}

@misc{TopOWASP,
    title = {{Top 10 2017-A1-Injection - OWASP}},
    url = {https://www.owasp.org/index.php/Top_10_2017-A1-Injection}
}

@misc{TopOWASPb,
    title = {{Top 10 2017-Top 10 - OWASP}},
    url = {https://www.owasp.org/index.php/Top_10_2017-Top_10}
}

@inproceedings{Penciuc2014TowardsSystem,
    title = {{Towards a PLM interoperability for a collaborative design support system}},
    year = {2014},
    booktitle = {Procedia CIRP},
    author = {Penciuc, Diana and Durupt, Alexandre and Belkadi, Farouk and Eynard, Beno√Æt and Rowson, Harvey},
    isbn = {0-19-976560-X 978-0-19-976560-7},
    doi = {10.1016/j.procir.2014.10.051},
    issn = {22128271},
    keywords = {Collaborative engineering, Interoperability, PLM connector}
}

@phdthesis{Imran2013TowardsSharing,
    title = {{Towards an Assembly Reference Ontology for Assembly Knowledge Sharing}},
    year = {2013},
    author = {Imran, Muhammad},
    pages = {346},
    url = {https://dspace.lboro.ac.uk/2134/13995}
}

@inproceedings{Strzelczak2015TowardsReview,
    title = {{Towards ontology-aided manufacturing and supply chain management - A literature review}},
    year = {2015},
    booktitle = {IFIP Advances in Information and Communication Technology},
    author = {Strzelczak, S.},
    pages = {467--475},
    volume = {460},
    isbn = {9783319227580},
    doi = {10.1007/978-3-319-22759-7{\_}54}
}

@article{Singh2006UbiquitousWeb,
    title = {{Ubiquitous computing: Connecting Pervasive computing through Semantic Web}},
    year = {2006},
    journal = {Information Systems and e-Business Management},
    author = {Singh, Sachin and Puradkar, Sushil and Lee, Yugyung},
    number = {4},
    pages = {421--439},
    volume = {4},
    isbn = {16179846},
    doi = {10.1007/s10257-005-0003-8},
    issn = {16179846},
    keywords = {Context aware services, Pervasive computing, Semantic Web, Ubiquitious computing}
}

@inproceedings{Sonzini2016UnaProducto,
    title = {{Una Arquitectura basada en la Web Semantica para la Gestion de Versiones de Familias de Producto}},
    year = {2016},
    booktitle = {II Simposio Argentino de Ontologias y sus Aplicaciones (SAOA 2016). JAIIO 45 (Tres de Febrero, 2016)},
    author = {Sonzini, Maria Soledad and Leone, Horacio P},
    address = {Ciudad Autonoma de Buenos Aires}
}

@misc{Unknown_KnowledgeSystem.pdf,
    title = {{Unknown{\_}Knowledge Sharing in Design Based on PLM system.pdf}}
}

@misc{Unknown_OntologyApplications_preprint.pdf,
    title = {{Unknown{\_}Ontology in Engineering Applications{\_}preprint.pdf}}
}

@misc{UsingBasics,
    title = {{Using Prepared Statements (The Java‚Ñ¢ Tutorials {\&}gt; JDBC(TM) Database Access {\&}gt; JDBC Basics)}},
    url = {http://docs.oracle.com/javase/tutorial/jdbc/basics/prepared.html}
}

@article{David2016WhatSMEs,
    title = {{What does PLMS (product lifecycle management systems) manage: Data or documents? Complementarity and contingency for SMEs}},
    year = {2016},
    journal = {Computers in Industry},
    author = {David, Micka√´l and Rowe, Frantz},
    pages = {140--150},
    volume = {75},
    publisher = {Elsevier B.V.},
    isbn = {0166-3615},
    doi = {10.1016/j.compind.2015.05.005},
    issn = {01663615},
    keywords = {Data management, Document management, New product development, Organizational memory system, Product lifecycle management systems}
}

@misc{WhatIntroduction,
    title = {{What is an SQL Injection? SQL Injections: An Introduction}},
    url = {http://resources.infosecinstitute.com/sql-injections-introduction/}
}

@misc{WorldW3C,
    title = {{World Wide Web Consortium (W3C)}},
    url = {https://www.w3.org/}
}